%YAML 1.1
%TAG !u! tag:unity3d.com,2011:
--- !u!1 &155588
GameObject:
  m_ObjectHideFlags: 0
  m_PrefabParentObject: {fileID: 0}
  m_PrefabInternal: {fileID: 100100000}
  serializedVersion: 4
  m_Component:
  - 4: {fileID: 410004}
  - 33: {fileID: 3330126}
  - 23: {fileID: 2363376}
  - 114: {fileID: 11499278}
  - 114: {fileID: 11468746}
  - 114: {fileID: 11494078}
  - 114: {fileID: 11412486}
  - 114: {fileID: 11455398}
  m_Layer: 0
  m_Name: TerrainMapController
  m_TagString: Untagged
  m_Icon: {fileID: 0}
  m_NavMeshLayer: 0
  m_StaticEditorFlags: 0
  m_IsActive: 1
--- !u!4 &410004
Transform:
  m_ObjectHideFlags: 1
  m_PrefabParentObject: {fileID: 0}
  m_PrefabInternal: {fileID: 100100000}
  m_GameObject: {fileID: 155588}
  m_LocalRotation: {x: 0, y: 0, z: 0, w: 1}
  m_LocalPosition: {x: 0, y: 0, z: 0}
  m_LocalScale: {x: 1, y: 1, z: 1}
  m_Children: []
  m_Father: {fileID: 0}
  m_RootOrder: 0
--- !u!23 &2363376
MeshRenderer:
  m_ObjectHideFlags: 1
  m_PrefabParentObject: {fileID: 0}
  m_PrefabInternal: {fileID: 100100000}
  m_GameObject: {fileID: 155588}
  m_Enabled: 1
  m_CastShadows: 1
  m_ReceiveShadows: 1
  m_Materials:
  - {fileID: 2100000, guid: 192d1344a00d646d199452058b3932ab, type: 2}
  m_SubsetIndices: 
  m_StaticBatchRoot: {fileID: 0}
  m_UseLightProbes: 1
  m_ReflectionProbeUsage: 1
  m_ProbeAnchor: {fileID: 0}
  m_ScaleInLightmap: 1
  m_PreserveUVs: 0
  m_ImportantGI: 0
  m_AutoUVMaxDistance: .5
  m_AutoUVMaxAngle: 89
  m_LightmapParameters: {fileID: 0}
  m_SortingLayerID: 0
  m_SortingOrder: 0
--- !u!33 &3330126
MeshFilter:
  m_ObjectHideFlags: 1
  m_PrefabParentObject: {fileID: 0}
  m_PrefabInternal: {fileID: 100100000}
  m_GameObject: {fileID: 155588}
  m_Mesh: {fileID: 0}
--- !u!114 &11412486
MonoBehaviour:
  m_ObjectHideFlags: 1
  m_PrefabParentObject: {fileID: 0}
  m_PrefabInternal: {fileID: 100100000}
  m_GameObject: {fileID: 155588}
  m_Enabled: 1
  m_EditorHideFlags: 0
  m_Script: {fileID: 11500000, guid: 28d58338e9f1c42efbd40fc734cb3f2d, type: 3}
  m_Name: 
  m_EditorClassIdentifier: 
  color: 1
  gradient:
    key0:
      serializedVersion: 2
      rgba: 4282269246
    key1:
      serializedVersion: 2
      rgba: 4282610105
    key2:
      serializedVersion: 2
      rgba: 4605951
    key3:
      serializedVersion: 2
      rgba: 0
    key4:
      serializedVersion: 2
      rgba: 0
    key5:
      serializedVersion: 2
      rgba: 0
    key6:
      serializedVersion: 2
      rgba: 0
    key7:
      serializedVersion: 2
      rgba: 0
    ctime0: 5975
    ctime1: 45682
    ctime2: 65535
    ctime3: 0
    ctime4: 0
    ctime5: 0
    ctime6: 0
    ctime7: 0
    atime0: 0
    atime1: 65535
    atime2: 0
    atime3: 0
    atime4: 0
    atime5: 0
    atime6: 0
    atime7: 0
    m_NumColorKeys: 3
    m_NumAlphaKeys: 2
  textureWorldScale: .100000001
  heightScale: 80
  heightMap: {fileID: 2800000, guid: 83ecdf436de464b42a15c07aea138934, type: 3}
--- !u!114 &11455398
MonoBehaviour:
  m_ObjectHideFlags: 1
  m_PrefabParentObject: {fileID: 0}
  m_PrefabInternal: {fileID: 100100000}
  m_GameObject: {fileID: 155588}
  m_Enabled: 1
  m_EditorHideFlags: 0
  m_Script: {fileID: 11500000, guid: 28d58338e9f1c42efbd40fc734cb3f2d, type: 3}
  m_Name: 
  m_EditorClassIdentifier: 
  color: 6
  gradient:
    key0:
      serializedVersion: 2
      rgba: 4294946381
    key1:
      serializedVersion: 2
      rgba: 4282103525
    key2:
      serializedVersion: 2
      rgba: 36607
    key3:
      serializedVersion: 2
      rgba: 0
    key4:
      serializedVersion: 2
      rgba: 0
    key5:
      serializedVersion: 2
      rgba: 0
    key6:
      serializedVersion: 2
      rgba: 0
    key7:
      serializedVersion: 2
      rgba: 0
    ctime0: 0
    ctime1: 65535
    ctime2: 65535
    ctime3: 0
    ctime4: 0
    ctime5: 0
    ctime6: 0
    ctime7: 0
    atime0: 0
    atime1: 65535
    atime2: 0
    atime3: 0
    atime4: 0
    atime5: 0
    atime6: 0
    atime7: 0
    m_NumColorKeys: 2
    m_NumAlphaKeys: 2
  textureWorldScale: .100000001
  heightScale: 2.5
  heightMap: {fileID: 2800000, guid: 83ecdf436de464b42a15c07aea138934, type: 3}
--- !u!114 &11468746
MonoBehaviour:
  m_ObjectHideFlags: 1
  m_PrefabParentObject: {fileID: 0}
  m_PrefabInternal: {fileID: 100100000}
  m_GameObject: {fileID: 155588}
  m_Enabled: 1
  m_EditorHideFlags: 0
  m_Script: {fileID: 11500000, guid: 33230a2e9d24c478ab9ebfa418af67b2, type: 3}
  m_Name: 
  m_EditorClassIdentifier: 
  bitmap: {fileID: 2800000, guid: b0dacd1a2b6af4b5e89c8f3af672438f, type: 3}
  worldLength: 20000
  planePrefab: {fileID: 197408, guid: 640758c60ebd741c49b3a60646e655c9, type: 2}
--- !u!114 &11494078
MonoBehaviour:
  m_ObjectHideFlags: 1
  m_PrefabParentObject: {fileID: 0}
  m_PrefabInternal: {fileID: 100100000}
  m_GameObject: {fileID: 155588}
  m_Enabled: 1
  m_EditorHideFlags: 0
  m_Script: {fileID: 11500000, guid: 28d58338e9f1c42efbd40fc734cb3f2d, type: 3}
  m_Name: 
  m_EditorClassIdentifier: 
  color: 0
  gradient:
    key0:
      serializedVersion: 2
      rgba: 4282619133
    key1:
      serializedVersion: 2
      rgba: 4291019715
    key2:
      serializedVersion: 2
      rgba: 16777215
    key3:
      serializedVersion: 2
      rgba: 0
    key4:
      serializedVersion: 2
      rgba: 0
    key5:
      serializedVersion: 2
      rgba: 0
    key6:
      serializedVersion: 2
      rgba: 0
    key7:
      serializedVersion: 2
      rgba: 0
    ctime0: 0
    ctime1: 40092
    ctime2: 65535
    ctime3: 0
    ctime4: 0
    ctime5: 0
    ctime6: 0
    ctime7: 0
    atime0: 0
    atime1: 65535
    atime2: 0
    atime3: 0
    atime4: 0
    atime5: 0
    atime6: 0
    atime7: 0
    m_NumColorKeys: 3
    m_NumAlphaKeys: 2
  textureWorldScale: .200000003
  heightScale: 120
  heightMap: {fileID: 2800000, guid: 83ecdf436de464b42a15c07aea138934, type: 3}
--- !u!114 &11499278
MonoBehaviour:
  m_ObjectHideFlags: 1
  m_PrefabParentObject: {fileID: 0}
  m_PrefabInternal: {fileID: 100100000}
  m_GameObject: {fileID: 155588}
  m_Enabled: 1
  m_EditorHideFlags: 0
  m_Script: {fileID: 11500000, guid: 0e69a57821da2433d8c9818b2873981d, type: 3}
  m_Name: 
  m_EditorClassIdentifier: 
  tPts:
  - {x: 0, y: 70, z: -6229.4458}
  - {x: -1843.30652, y: 70, z: -4429.4458}
  - {x: 1843.30652, y: 70, z: -4429.4458}
  fovScale: 2
  terrainMaterial: {fileID: 2100000, guid: 192d1344a00d646d199452058b3932ab, type: 2}
  vertexColumns: 13
  patchWidth: 200
  mBitMap: {fileID: 11468746}
  farClip: 600
  meshColliderDivisor: 3
  terrainPatchCount: 0
--- !u!1001 &100100000
Prefab:
  m_ObjectHideFlags: 1
  serializedVersion: 2
  m_Modification:
    m_TransformParent: {fileID: 0}
    m_Modifications: []
    m_RemovedComponents: []
  m_ParentPrefab: {fileID: 0}
  m_RootGameObject: {fileID: 155588}
  m_IsPrefabParent: 1
