%YAML 1.1
%TAG !u! tag:unity3d.com,2011:
--- !u!29 &1
SceneSettings:
  m_ObjectHideFlags: 0
  m_PVSData: 
  m_PVSObjectsArray: []
  m_PVSPortalsArray: []
  m_OcclusionBakeSettings:
    smallestOccluder: 5
    smallestHole: .25
    backfaceThreshold: 100
--- !u!104 &2
RenderSettings:
  m_ObjectHideFlags: 0
  serializedVersion: 6
  m_Fog: 0
  m_FogColor: {r: .5, g: .5, b: .5, a: 1}
  m_FogMode: 3
  m_FogDensity: .00999999978
  m_LinearFogStart: 0
  m_LinearFogEnd: 300
  m_AmbientSkyColor: {r: .211999997, g: .226999998, b: .259000003, a: 1}
  m_AmbientEquatorColor: {r: .114, g: .125, b: .133000001, a: 1}
  m_AmbientGroundColor: {r: .0469999984, g: .0430000015, b: .0350000001, a: 1}
  m_AmbientIntensity: 1
  m_AmbientMode: 0
  m_SkyboxMaterial: {fileID: 10304, guid: 0000000000000000f000000000000000, type: 0}
  m_HaloStrength: .5
  m_FlareStrength: 1
  m_FlareFadeSpeed: 3
  m_HaloTexture: {fileID: 0}
  m_SpotCookie: {fileID: 10001, guid: 0000000000000000e000000000000000, type: 0}
  m_DefaultReflectionMode: 0
  m_DefaultReflectionResolution: 128
  m_ReflectionBounces: 1
  m_ReflectionIntensity: 1
  m_CustomReflection: {fileID: 0}
  m_Sun: {fileID: 0}
--- !u!127 &3
LevelGameManager:
  m_ObjectHideFlags: 0
--- !u!157 &4
LightmapSettings:
  m_ObjectHideFlags: 0
  serializedVersion: 5
  m_GIWorkflowMode: 0
  m_LightmapsMode: 1
  m_GISettings:
    serializedVersion: 2
    m_BounceScale: 1
    m_IndirectOutputScale: 1
    m_AlbedoBoost: 1
    m_TemporalCoherenceThreshold: 1
    m_EnvironmentLightingMode: 0
    m_EnableBakedLightmaps: 1
    m_EnableRealtimeLightmaps: 1
  m_LightmapEditorSettings:
    serializedVersion: 3
    m_Resolution: 2
    m_BakeResolution: 40
    m_TextureWidth: 1024
    m_TextureHeight: 1024
    m_AOMaxDistance: 1
    m_Padding: 2
    m_CompAOExponent: 0
    m_LightmapParameters: {fileID: 0}
    m_TextureCompression: 1
    m_FinalGather: 0
    m_FinalGatherRayCount: 1024
  m_LightmapSnapshot: {fileID: 0}
  m_RuntimeCPUUsage: 25
--- !u!196 &5
NavMeshSettings:
  serializedVersion: 2
  m_ObjectHideFlags: 0
  m_BuildSettings:
    serializedVersion: 2
    agentRadius: .5
    agentHeight: 2
    agentSlope: 45
    agentClimb: .400000006
    ledgeDropHeight: 0
    maxJumpAcrossDistance: 0
    accuratePlacement: 0
    minRegionArea: 2
    cellSize: .166666672
    manualCellSize: 0
  m_NavMeshData: {fileID: 0}
--- !u!1 &315167658
GameObject:
  m_ObjectHideFlags: 0
  m_PrefabParentObject: {fileID: 0}
  m_PrefabInternal: {fileID: 0}
  serializedVersion: 4
  m_Component:
  - 4: {fileID: 315167660}
  - 108: {fileID: 315167659}
  m_Layer: 0
  m_Name: Directional Light
  m_TagString: Untagged
  m_Icon: {fileID: 0}
  m_NavMeshLayer: 0
  m_StaticEditorFlags: 0
  m_IsActive: 1
--- !u!108 &315167659
Light:
  m_ObjectHideFlags: 0
  m_PrefabParentObject: {fileID: 0}
  m_PrefabInternal: {fileID: 0}
  m_GameObject: {fileID: 315167658}
  m_Enabled: 1
  serializedVersion: 6
  m_Type: 1
  m_Color: {r: 1, g: .956862748, b: .839215696, a: 1}
  m_Intensity: 1
  m_Range: 10
  m_SpotAngle: 30
  m_CookieSize: 10
  m_Shadows:
    m_Type: 2
    m_Resolution: -1
    m_Strength: 1
    m_Bias: .0500000007
    m_NormalBias: .400000006
  m_Cookie: {fileID: 0}
  m_DrawHalo: 0
  m_Flare: {fileID: 0}
  m_RenderMode: 0
  m_CullingMask:
    serializedVersion: 2
    m_Bits: 4294967295
  m_Lightmapping: 4
  m_BounceIntensity: 1
  m_ShadowRadius: 0
  m_ShadowAngle: 0
  m_AreaSize: {x: 1, y: 1}
--- !u!4 &315167660
Transform:
  m_ObjectHideFlags: 0
  m_PrefabParentObject: {fileID: 0}
  m_PrefabInternal: {fileID: 0}
  m_GameObject: {fileID: 315167658}
  m_LocalRotation: {x: .408217937, y: -.234569728, z: .109381676, w: .875426054}
  m_LocalPosition: {x: 0, y: 3, z: 0}
  m_LocalScale: {x: 1, y: 1, z: 1}
  m_Children: []
  m_Father: {fileID: 0}
  m_RootOrder: 1
--- !u!1001 &948138176
Prefab:
  m_ObjectHideFlags: 0
  serializedVersion: 2
  m_Modification:
    m_TransformParent: {fileID: 0}
    m_Modifications:
    - target: {fileID: 400000, guid: c2aaee77e71e34d98a6c03101b3e1731, type: 3}
      propertyPath: m_LocalPosition.x
      value: 0
      objectReference: {fileID: 0}
    - target: {fileID: 400000, guid: c2aaee77e71e34d98a6c03101b3e1731, type: 3}
      propertyPath: m_LocalPosition.y
      value: 16
      objectReference: {fileID: 0}
    - target: {fileID: 400000, guid: c2aaee77e71e34d98a6c03101b3e1731, type: 3}
      propertyPath: m_LocalPosition.z
      value: -6.80000019
      objectReference: {fileID: 0}
    - target: {fileID: 400000, guid: c2aaee77e71e34d98a6c03101b3e1731, type: 3}
      propertyPath: m_LocalRotation.x
      value: 0
      objectReference: {fileID: 0}
    - target: {fileID: 400000, guid: c2aaee77e71e34d98a6c03101b3e1731, type: 3}
      propertyPath: m_LocalRotation.y
      value: 0
      objectReference: {fileID: 0}
    - target: {fileID: 400000, guid: c2aaee77e71e34d98a6c03101b3e1731, type: 3}
      propertyPath: m_LocalRotation.z
      value: 0
      objectReference: {fileID: 0}
    - target: {fileID: 400000, guid: c2aaee77e71e34d98a6c03101b3e1731, type: 3}
      propertyPath: m_LocalRotation.w
      value: 1
      objectReference: {fileID: 0}
    - target: {fileID: 400000, guid: c2aaee77e71e34d98a6c03101b3e1731, type: 3}
      propertyPath: m_RootOrder
      value: 3
      objectReference: {fileID: 0}
    - target: {fileID: 400000, guid: c2aaee77e71e34d98a6c03101b3e1731, type: 3}
      propertyPath: m_LocalScale.x
      value: 2.08329487
      objectReference: {fileID: 0}
    - target: {fileID: 400000, guid: c2aaee77e71e34d98a6c03101b3e1731, type: 3}
      propertyPath: m_LocalScale.y
      value: 2.08329463
      objectReference: {fileID: 0}
    - target: {fileID: 400000, guid: c2aaee77e71e34d98a6c03101b3e1731, type: 3}
      propertyPath: m_LocalScale.z
      value: 2.08329463
      objectReference: {fileID: 0}
    - target: {fileID: 100000, guid: c2aaee77e71e34d98a6c03101b3e1731, type: 3}
      propertyPath: m_IsActive
      value: 1
      objectReference: {fileID: 0}
    m_RemovedComponents: []
  m_ParentPrefab: {fileID: 100100000, guid: c2aaee77e71e34d98a6c03101b3e1731, type: 3}
  m_RootGameObject: {fileID: 1751317852}
  m_IsPrefabParent: 0
--- !u!1 &948855134
GameObject:
  m_ObjectHideFlags: 0
  m_PrefabParentObject: {fileID: 100002, guid: c2aaee77e71e34d98a6c03101b3e1731, type: 3}
  m_PrefabInternal: {fileID: 948138176}
  serializedVersion: 4
  m_Component:
  - 4: {fileID: 948855135}
  m_Layer: 0
  m_Name: pointLight1
  m_TagString: Untagged
  m_Icon: {fileID: 0}
  m_NavMeshLayer: 0
  m_StaticEditorFlags: 0
  m_IsActive: 1
--- !u!4 &948855135
Transform:
  m_ObjectHideFlags: 0
  m_PrefabParentObject: {fileID: 400002, guid: c2aaee77e71e34d98a6c03101b3e1731, type: 3}
  m_PrefabInternal: {fileID: 948138176}
  m_GameObject: {fileID: 948855134}
  m_LocalRotation: {x: 0, y: 0, z: 0, w: 1}
  m_LocalPosition: {x: -.0806864128, y: -1.4153111, z: 7.63843966}
  m_LocalScale: {x: 1, y: 1, z: 1}
  m_Children: []
  m_Father: {fileID: 1751317853}
  m_RootOrder: 0
--- !u!1 &1194542600
GameObject:
  m_ObjectHideFlags: 0
  m_PrefabParentObject: {fileID: 0}
  m_PrefabInternal: {fileID: 0}
  serializedVersion: 4
  m_Component:
  - 4: {fileID: 1194542605}
  - 20: {fileID: 1194542604}
  - 92: {fileID: 1194542603}
  - 124: {fileID: 1194542602}
  - 81: {fileID: 1194542601}
  - 114: {fileID: 1194542606}
  m_Layer: 0
  m_Name: Main Camera
  m_TagString: MainCamera
  m_Icon: {fileID: 0}
  m_NavMeshLayer: 0
  m_StaticEditorFlags: 0
  m_IsActive: 1
--- !u!81 &1194542601
AudioListener:
  m_ObjectHideFlags: 0
  m_PrefabParentObject: {fileID: 0}
  m_PrefabInternal: {fileID: 0}
  m_GameObject: {fileID: 1194542600}
  m_Enabled: 1
--- !u!124 &1194542602
Behaviour:
  m_ObjectHideFlags: 0
  m_PrefabParentObject: {fileID: 0}
  m_PrefabInternal: {fileID: 0}
  m_GameObject: {fileID: 1194542600}
  m_Enabled: 1
--- !u!92 &1194542603
Behaviour:
  m_ObjectHideFlags: 0
  m_PrefabParentObject: {fileID: 0}
  m_PrefabInternal: {fileID: 0}
  m_GameObject: {fileID: 1194542600}
  m_Enabled: 1
--- !u!20 &1194542604
Camera:
  m_ObjectHideFlags: 0
  m_PrefabParentObject: {fileID: 0}
  m_PrefabInternal: {fileID: 0}
  m_GameObject: {fileID: 1194542600}
  m_Enabled: 1
  serializedVersion: 2
  m_ClearFlags: 1
  m_BackGroundColor: {r: .192156866, g: .301960796, b: .474509805, a: .0196078438}
  m_NormalizedViewPortRect:
    serializedVersion: 2
    x: 0
    y: 0
    width: 1
    height: 1
  near clip plane: .300000012
  far clip plane: 1000
  field of view: 60
  orthographic: 0
  orthographic size: 5
  m_Depth: -1
  m_CullingMask:
    serializedVersion: 2
    m_Bits: 4294967295
  m_RenderingPath: -1
  m_TargetTexture: {fileID: 0}
  m_TargetDisplay: 0
  m_HDR: 0
  m_OcclusionCulling: 1
  m_StereoConvergence: 10
  m_StereoSeparation: .0219999999
  m_StereoMirrorMode: 0
--- !u!4 &1194542605
Transform:
  m_ObjectHideFlags: 0
  m_PrefabParentObject: {fileID: 0}
  m_PrefabInternal: {fileID: 0}
  m_GameObject: {fileID: 1194542600}
  m_LocalRotation: {x: 0, y: 0, z: 0, w: 1}
  m_LocalPosition: {x: 0, y: 17.7000008, z: -10}
  m_LocalScale: {x: 1, y: 1, z: 1}
  m_Children: []
  m_Father: {fileID: 0}
  m_RootOrder: 0
--- !u!114 &1194542606
MonoBehaviour:
  m_ObjectHideFlags: 0
  m_PrefabParentObject: {fileID: 0}
  m_PrefabInternal: {fileID: 0}
  m_GameObject: {fileID: 1194542600}
  m_Enabled: 1
  m_EditorHideFlags: 0
  m_Script: {fileID: 11500000, guid: b0923359e9e352a4b9b11c7b7161ad67, type: 3}
  m_Name: 
  m_EditorClassIdentifier: 
  m_Radius: .400000006
  m_SampleCount: 1
  m_OcclusionIntensity: 1.5
  m_Blur: 2
  m_Downsampling: 2
  m_OcclusionAttenuation: 1
  m_MinZ: .00999999978
  m_SSAOShader: {fileID: 4800000, guid: 43ca18288c424f645aaa1e9e07f04c50, type: 3}
  m_RandomTexture: {fileID: 2800000, guid: a181ca8e3c62f3e4b8f183f6c586b032, type: 3}
--- !u!1001 &1386091427
Prefab:
  m_ObjectHideFlags: 0
  serializedVersion: 2
  m_Modification:
    m_TransformParent: {fileID: 0}
    m_Modifications:
    - target: {fileID: 473230, guid: 7672016ed88024af09f0351eb2d4f397, type: 2}
      propertyPath: m_LocalPosition.x
      value: 0
      objectReference: {fileID: 0}
    - target: {fileID: 473230, guid: 7672016ed88024af09f0351eb2d4f397, type: 2}
      propertyPath: m_LocalPosition.y
      value: 0
      objectReference: {fileID: 0}
    - target: {fileID: 473230, guid: 7672016ed88024af09f0351eb2d4f397, type: 2}
      propertyPath: m_LocalPosition.z
      value: 0
      objectReference: {fileID: 0}
    - target: {fileID: 473230, guid: 7672016ed88024af09f0351eb2d4f397, type: 2}
      propertyPath: m_LocalRotation.x
      value: 0
      objectReference: {fileID: 0}
    - target: {fileID: 473230, guid: 7672016ed88024af09f0351eb2d4f397, type: 2}
      propertyPath: m_LocalRotation.y
      value: 0
      objectReference: {fileID: 0}
    - target: {fileID: 473230, guid: 7672016ed88024af09f0351eb2d4f397, type: 2}
      propertyPath: m_LocalRotation.z
      value: 0
      objectReference: {fileID: 0}
    - target: {fileID: 473230, guid: 7672016ed88024af09f0351eb2d4f397, type: 2}
      propertyPath: m_LocalRotation.w
      value: 1
      objectReference: {fileID: 0}
    - target: {fileID: 473230, guid: 7672016ed88024af09f0351eb2d4f397, type: 2}
      propertyPath: m_RootOrder
      value: 2
      objectReference: {fileID: 0}
    - target: {fileID: 11491796, guid: 7672016ed88024af09f0351eb2d4f397, type: 2}
      propertyPath: vehicle
      value: 
      objectReference: {fileID: 1194542605}
    - target: {fileID: 11480274, guid: 7672016ed88024af09f0351eb2d4f397, type: 2}
      propertyPath: heightScale
      value: 15
      objectReference: {fileID: 0}
    - target: {fileID: 188600, guid: 7672016ed88024af09f0351eb2d4f397, type: 2}
      propertyPath: m_IsActive
      value: 0
      objectReference: {fileID: 0}
    m_RemovedComponents: []
  m_ParentPrefab: {fileID: 100100000, guid: 7672016ed88024af09f0351eb2d4f397, type: 2}
  m_RootGameObject: {fileID: 1971054129}
  m_IsPrefabParent: 0
--- !u!1 &1521398234
GameObject:
  m_ObjectHideFlags: 0
  m_PrefabParentObject: {fileID: 100006, guid: c2aaee77e71e34d98a6c03101b3e1731, type: 3}
  m_PrefabInternal: {fileID: 948138176}
  serializedVersion: 4
  m_Component:
  - 4: {fileID: 1521398235}
  m_Layer: 0
  m_Name: spotLight1
  m_TagString: Untagged
  m_Icon: {fileID: 0}
  m_NavMeshLayer: 0
  m_StaticEditorFlags: 0
  m_IsActive: 1
--- !u!4 &1521398235
Transform:
  m_ObjectHideFlags: 0
  m_PrefabParentObject: {fileID: 400006, guid: c2aaee77e71e34d98a6c03101b3e1731, type: 3}
  m_PrefabInternal: {fileID: 948138176}
  m_GameObject: {fileID: 1521398234}
  m_LocalRotation: {x: .441437691, y: .378636152, z: -.289865106, w: .760095894}
  m_LocalPosition: {x: 9.83071423, y: 8.22849178, z: 10.1527395}
  m_LocalScale: {x: 1, y: 1, z: .999999881}
  m_Children: []
  m_Father: {fileID: 1751317853}
  m_RootOrder: 2
--- !u!1 &1557034632
GameObject:
  m_ObjectHideFlags: 0
  m_PrefabParentObject: {fileID: 100004, guid: c2aaee77e71e34d98a6c03101b3e1731, type: 3}
  m_PrefabInternal: {fileID: 948138176}
  serializedVersion: 4
  m_Component:
  - 4: {fileID: 1557034635}
  - 33: {fileID: 1557034634}
  - 23: {fileID: 1557034633}
  m_Layer: 0
  m_Name: pPlane1
  m_TagString: Untagged
  m_Icon: {fileID: 0}
  m_NavMeshLayer: 0
  m_StaticEditorFlags: 0
  m_IsActive: 1
--- !u!23 &1557034633
MeshRenderer:
  m_ObjectHideFlags: 0
  m_PrefabParentObject: {fileID: 2300000, guid: c2aaee77e71e34d98a6c03101b3e1731,
    type: 3}
  m_PrefabInternal: {fileID: 948138176}
  m_GameObject: {fileID: 1557034632}
  m_Enabled: 1
  m_CastShadows: 1
  m_ReceiveShadows: 1
  m_Materials:
  - {fileID: 2100000, guid: 1e3c2af20e1ff4be3854bad3624cff1b, type: 2}
  m_SubsetIndices: 
  m_StaticBatchRoot: {fileID: 0}
  m_UseLightProbes: 1
  m_ReflectionProbeUsage: 1
  m_ProbeAnchor: {fileID: 0}
  m_ScaleInLightmap: 1
  m_PreserveUVs: 0
  m_ImportantGI: 0
  m_AutoUVMaxDistance: .5
  m_AutoUVMaxAngle: 89
  m_LightmapParameters: {fileID: 0}
  m_SortingLayerID: 0
  m_SortingOrder: 0
--- !u!33 &1557034634
MeshFilter:
  m_ObjectHideFlags: 0
  m_PrefabParentObject: {fileID: 3300000, guid: c2aaee77e71e34d98a6c03101b3e1731,
    type: 3}
  m_PrefabInternal: {fileID: 948138176}
  m_GameObject: {fileID: 1557034632}
  m_Mesh: {fileID: 4300000, guid: c2aaee77e71e34d98a6c03101b3e1731, type: 3}
--- !u!4 &1557034635
Transform:
  m_ObjectHideFlags: 0
  m_PrefabParentObject: {fileID: 400004, guid: c2aaee77e71e34d98a6c03101b3e1731, type: 3}
  m_PrefabInternal: {fileID: 948138176}
  m_GameObject: {fileID: 1557034632}
  m_LocalRotation: {x: 0, y: 0, z: 0, w: 1}
  m_LocalPosition: {x: 0, y: 0, z: 0}
  m_LocalScale: {x: 22.1089096, y: 42.0299377, z: 22.1089096}
  m_Children: []
  m_Father: {fileID: 1751317853}
  m_RootOrder: 1
--- !u!1 &1751317852
GameObject:
  m_ObjectHideFlags: 0
  m_PrefabParentObject: {fileID: 100000, guid: c2aaee77e71e34d98a6c03101b3e1731, type: 3}
  m_PrefabInternal: {fileID: 948138176}
  serializedVersion: 4
  m_Component:
  - 4: {fileID: 1751317853}
  - 95: {fileID: 1751317854}
  m_Layer: 0
  m_Name: ground02a
  m_TagString: Untagged
  m_Icon: {fileID: 0}
  m_NavMeshLayer: 0
  m_StaticEditorFlags: 0
  m_IsActive: 1
--- !u!4 &1751317853
Transform:
  m_ObjectHideFlags: 0
  m_PrefabParentObject: {fileID: 400000, guid: c2aaee77e71e34d98a6c03101b3e1731, type: 3}
  m_PrefabInternal: {fileID: 948138176}
  m_GameObject: {fileID: 1751317852}
  m_LocalRotation: {x: 0, y: 0, z: 0, w: 1}
  m_LocalPosition: {x: 0, y: 16, z: -6.80000019}
  m_LocalScale: {x: 2.08329487, y: 2.08329463, z: 2.08329463}
  m_Children:
  - {fileID: 948855135}
  - {fileID: 1557034635}
  - {fileID: 1521398235}
  m_Father: {fileID: 0}
  m_RootOrder: 3
--- !u!95 &1751317854
Animator:
  serializedVersion: 3
  m_ObjectHideFlags: 0
  m_PrefabParentObject: {fileID: 9500000, guid: c2aaee77e71e34d98a6c03101b3e1731,
    type: 3}
  m_PrefabInternal: {fileID: 948138176}
  m_GameObject: {fileID: 1751317852}
  m_Enabled: 1
  m_Avatar: {fileID: 9000000, guid: c2aaee77e71e34d98a6c03101b3e1731, type: 3}
  m_Controller: {fileID: 0}
  m_CullingMode: 0
  m_UpdateMode: 0
  m_ApplyRootMotion: 0
  m_LinearVelocityBlending: 0
  m_WarningMessage: 
  m_HasTransformHierarchy: 1
  m_AllowConstantClipSamplingOptimization: 1
--- !u!1 &1971054129
GameObject:
  m_ObjectHideFlags: 0
  m_PrefabParentObject: {fileID: 188600, guid: 7672016ed88024af09f0351eb2d4f397, type: 2}
  m_PrefabInternal: {fileID: 1386091427}
  serializedVersion: 4
  m_Component:
  - 4: {fileID: 1971054132}
  - 114: {fileID: 1971054131}
  - 114: {fileID: 1971054130}
  m_Layer: 0
  m_Name: TerrainPatchGeneratorHard
  m_TagString: Untagged
  m_Icon: {fileID: 0}
  m_NavMeshLayer: 0
  m_StaticEditorFlags: 0
  m_IsActive: 0
--- !u!114 &1971054130
MonoBehaviour:
  m_ObjectHideFlags: 0
  m_PrefabParentObject: {fileID: 11491796, guid: 7672016ed88024af09f0351eb2d4f397,
    type: 2}
  m_PrefabInternal: {fileID: 1386091427}
  m_GameObject: {fileID: 1971054129}
  m_Enabled: 1
  m_EditorHideFlags: 0
  m_Script: {fileID: 11500000, guid: 8f3c6ac3e494a444f8cec89c10716e7b, type: 3}
  m_Name: 
  m_EditorClassIdentifier: 
  gradient:
    key0:
      serializedVersion: 2
      rgba: 4294967295
    key1:
      serializedVersion: 2
      rgba: 4294967295
    key2:
      serializedVersion: 2
      rgba: 0
    key3:
      serializedVersion: 2
      rgba: 0
    key4:
      serializedVersion: 2
      rgba: 0
    key5:
      serializedVersion: 2
      rgba: 0
    key6:
      serializedVersion: 2
      rgba: 0
    key7:
      serializedVersion: 2
      rgba: 0
    ctime0: 0
    ctime1: 65535
    ctime2: 0
    ctime3: 0
    ctime4: 0
    ctime5: 0
    ctime6: 0
    ctime7: 0
    atime0: 0
    atime1: 65535
    atime2: 0
    atime3: 0
    atime4: 0
    atime5: 0
    atime6: 0
    atime7: 0
    m_NumColorKeys: 2
    m_NumAlphaKeys: 2
  terrainMaterial: {fileID: 0}
  xViewDistance: 300
  zViewDistance: 500
  cellwidth: 2
  vertexColumns: 20
  zOffset: 0
  vehicle: {fileID: 1194542605}
  drawTime: 0
--- !u!114 &1971054131
MonoBehaviour:
  m_ObjectHideFlags: 0
  m_PrefabParentObject: {fileID: 11480274, guid: 7672016ed88024af09f0351eb2d4f397,
    type: 2}
  m_PrefabInternal: {fileID: 1386091427}
  m_GameObject: {fileID: 1971054129}
  m_Enabled: 1
  m_EditorHideFlags: 0
  m_Script: {fileID: 11500000, guid: 6997fdfa9c3ea4d749483ea4f8f94ecf, type: 3}
  m_Name: 
  m_EditorClassIdentifier: 
  gridDivisions: 4
  gWidth: 20
  terrainMaterial: {fileID: 2100000, guid: 1e3c2af20e1ff4be3854bad3624cff1b, type: 2}
  heightScale: 15
  mfPool: []
  vertexColumns: 0
  VertexRows: 0
  scale: 19.0300007
  H: .920000017
  octaves: 8
  offset: .80000001192092896
  gain: 97
  lacunarity: 2
--- !u!4 &1971054132
Transform:
  m_ObjectHideFlags: 0
  m_PrefabParentObject: {fileID: 473230, guid: 7672016ed88024af09f0351eb2d4f397, type: 2}
  m_PrefabInternal: {fileID: 1386091427}
  m_GameObject: {fileID: 1971054129}
  m_LocalRotation: {x: 0, y: 0, z: 0, w: 1}
  m_LocalPosition: {x: 0, y: 0, z: 0}
  m_LocalScale: {x: 1, y: 1, z: 1}
  m_Children: []
  m_Father: {fileID: 0}
  m_RootOrder: 2
