%YAML 1.1
%TAG !u! tag:unity3d.com,2011:
--- !u!29 &1
SceneSettings:
  m_ObjectHideFlags: 0
  m_PVSData: 
  m_PVSObjectsArray: []
  m_PVSPortalsArray: []
  m_OcclusionBakeSettings:
    smallestOccluder: 5
    smallestHole: .25
    backfaceThreshold: 100
--- !u!104 &2
RenderSettings:
  m_ObjectHideFlags: 0
  serializedVersion: 6
  m_Fog: 0
  m_FogColor: {r: .5, g: .5, b: .5, a: 1}
  m_FogMode: 3
  m_FogDensity: .00999999978
  m_LinearFogStart: 0
  m_LinearFogEnd: 300
  m_AmbientSkyColor: {r: .211999997, g: .226999998, b: .259000003, a: 1}
  m_AmbientEquatorColor: {r: .114, g: .125, b: .133000001, a: 1}
  m_AmbientGroundColor: {r: .0469999984, g: .0430000015, b: .0350000001, a: 1}
  m_AmbientIntensity: 1
  m_AmbientMode: 0
  m_SkyboxMaterial: {fileID: 10304, guid: 0000000000000000f000000000000000, type: 0}
  m_HaloStrength: .5
  m_FlareStrength: 1
  m_FlareFadeSpeed: 3
  m_HaloTexture: {fileID: 0}
  m_SpotCookie: {fileID: 10001, guid: 0000000000000000e000000000000000, type: 0}
  m_DefaultReflectionMode: 0
  m_DefaultReflectionResolution: 128
  m_ReflectionBounces: 1
  m_ReflectionIntensity: 1
  m_CustomReflection: {fileID: 0}
  m_Sun: {fileID: 0}
--- !u!127 &3
LevelGameManager:
  m_ObjectHideFlags: 0
--- !u!157 &4
LightmapSettings:
  m_ObjectHideFlags: 0
  serializedVersion: 5
  m_GIWorkflowMode: 0
  m_LightmapsMode: 1
  m_GISettings:
    serializedVersion: 2
    m_BounceScale: 1
    m_IndirectOutputScale: 1
    m_AlbedoBoost: 1
    m_TemporalCoherenceThreshold: 1
    m_EnvironmentLightingMode: 0
    m_EnableBakedLightmaps: 1
    m_EnableRealtimeLightmaps: 1
  m_LightmapEditorSettings:
    serializedVersion: 3
    m_Resolution: 2
    m_BakeResolution: 40
    m_TextureWidth: 1024
    m_TextureHeight: 1024
    m_AOMaxDistance: 1
    m_Padding: 2
    m_CompAOExponent: 0
    m_LightmapParameters: {fileID: 0}
    m_TextureCompression: 1
    m_FinalGather: 0
    m_FinalGatherRayCount: 1024
  m_LightmapSnapshot: {fileID: 0}
  m_RuntimeCPUUsage: 25
--- !u!196 &5
NavMeshSettings:
  serializedVersion: 2
  m_ObjectHideFlags: 0
  m_BuildSettings:
    serializedVersion: 2
    agentRadius: .5
    agentHeight: 2
    agentSlope: 45
    agentClimb: .400000006
    ledgeDropHeight: 0
    maxJumpAcrossDistance: 0
    accuratePlacement: 0
    minRegionArea: 2
    cellSize: .166666672
    manualCellSize: 0
  m_NavMeshData: {fileID: 0}
--- !u!1 &259349556
GameObject:
  m_ObjectHideFlags: 0
  m_PrefabParentObject: {fileID: 0}
  m_PrefabInternal: {fileID: 0}
  serializedVersion: 4
  m_Component:
  - 4: {fileID: 259349558}
  - 108: {fileID: 259349557}
  m_Layer: 0
  m_Name: Directional Light
  m_TagString: Untagged
  m_Icon: {fileID: 0}
  m_NavMeshLayer: 0
  m_StaticEditorFlags: 0
  m_IsActive: 1
--- !u!108 &259349557
Light:
  m_ObjectHideFlags: 0
  m_PrefabParentObject: {fileID: 0}
  m_PrefabInternal: {fileID: 0}
  m_GameObject: {fileID: 259349556}
  m_Enabled: 1
  serializedVersion: 6
  m_Type: 1
  m_Color: {r: 1, g: .956862748, b: .839215696, a: 1}
  m_Intensity: 1
  m_Range: 10
  m_SpotAngle: 30
  m_CookieSize: 10
  m_Shadows:
    m_Type: 2
    m_Resolution: -1
    m_Strength: 1
    m_Bias: .0500000007
    m_NormalBias: .400000006
  m_Cookie: {fileID: 0}
  m_DrawHalo: 0
  m_Flare: {fileID: 0}
  m_RenderMode: 0
  m_CullingMask:
    serializedVersion: 2
    m_Bits: 4294967295
  m_Lightmapping: 4
  m_BounceIntensity: 1
  m_ShadowRadius: 0
  m_ShadowAngle: 0
  m_AreaSize: {x: 1, y: 1}
--- !u!4 &259349558
Transform:
  m_ObjectHideFlags: 0
  m_PrefabParentObject: {fileID: 0}
  m_PrefabInternal: {fileID: 0}
  m_GameObject: {fileID: 259349556}
  m_LocalRotation: {x: .408217937, y: -.234569728, z: .109381676, w: .875426054}
  m_LocalPosition: {x: 0, y: 3, z: 0}
  m_LocalScale: {x: 1, y: 1, z: 1}
  m_Children: []
  m_Father: {fileID: 0}
  m_RootOrder: 1
--- !u!1 &710311531
GameObject:
  m_ObjectHideFlags: 0
  m_PrefabParentObject: {fileID: 0}
  m_PrefabInternal: {fileID: 0}
  serializedVersion: 4
  m_Component:
  - 4: {fileID: 710311533}
  - 114: {fileID: 710311532}
  m_Layer: 0
  m_Name: GameObject
  m_TagString: Untagged
  m_Icon: {fileID: 0}
  m_NavMeshLayer: 0
  m_StaticEditorFlags: 0
  m_IsActive: 1
--- !u!114 &710311532
MonoBehaviour:
  m_ObjectHideFlags: 0
  m_PrefabParentObject: {fileID: 0}
  m_PrefabInternal: {fileID: 0}
  m_GameObject: {fileID: 710311531}
  m_Enabled: 1
  m_EditorHideFlags: 0
  m_Script: {fileID: 11500000, guid: 42a870d433a644d7fb59426ac8751e7c, type: 3}
  m_Name: 
  m_EditorClassIdentifier: 
  cellSize: 2
  gWidth: 200
  gHeight: 200
  terrainMaterial: {fileID: 2100000, guid: e628ab832131643ccbb5c8ba37d9fd32, type: 2}
  pts:
  - {x: 0, y: 1.8972187, z: 0}
  - {x: 1, y: .735480309, z: 0}
  - {x: 2, y: .733958423, z: 0}
  - {x: 3, y: .381831646, z: 0}
  - {x: 4, y: 1.19798672, z: 0}
  - {x: 5, y: .961089611, z: 0}
  - {x: 6, y: .797753215, z: 0}
  - {x: 7, y: .76633954, z: 0}
  - {x: 8, y: 2.28998494, z: 0}
  - {x: 9, y: 3.32014322, z: 0}
  - {x: 10, y: 1.61210477, z: 0}
  - {x: 11, y: .900333285, z: 0}
  - {x: 12, y: 1.09826827, z: 0}
  - {x: 13, y: .575237453, z: 0}
  - {x: 14, y: .943847954, z: 0}
  - {x: 15, y: 2.2945056, z: 0}
  - {x: 16, y: 3.93017101, z: 0}
  - {x: 17, y: 5.78271961, z: 0}
  - {x: 18, y: 6.08248711, z: 0}
  - {x: 19, y: 5.85823488, z: 0}
  - {x: 20, y: 5.46342945, z: 0}
  - {x: 21, y: 4.75865269, z: 0}
  - {x: 22, y: 2.9094348, z: 0}
  - {x: 23, y: 2.59083533, z: 0}
  - {x: 24, y: 2.11572623, z: 0}
  - {x: 25, y: 1.36148763, z: 0}
  - {x: 26, y: .732079804, z: 0}
  - {x: 27, y: .173490494, z: 0}
  - {x: 28, y: .701205015, z: 0}
  - {x: 29, y: .630487204, z: 0}
  - {x: 30, y: 1.837623, z: 0}
  - {x: 31, y: 1.88536239, z: 0}
  - {x: 32, y: 2.90522861, z: 0}
  - {x: 33, y: 4.37657642, z: 0}
  - {x: 34, y: 4.27971411, z: 0}
  - {x: 35, y: 3.43717289, z: 0}
  - {x: 36, y: 3.36510658, z: 0}
  - {x: 37, y: 3.02307606, z: 0}
  - {x: 38, y: 2.65946293, z: 0}
  - {x: 39, y: 3.26665521, z: 0}
  - {x: 40, y: 3.06006956, z: 0}
  - {x: 41, y: 2.91225958, z: 0}
  - {x: 42, y: 3.82632232, z: 0}
  - {x: 43, y: 3.50975418, z: 0}
  - {x: 44, y: 2.55978632, z: 0}
  - {x: 45, y: 3.33818483, z: 0}
  - {x: 46, y: 3.59529972, z: 0}
  - {x: 47, y: 3.83227062, z: 0}
  - {x: 48, y: 3.51078653, z: 0}
  - {x: 49, y: 3.72877121, z: 0}
  - {x: 0, y: 2.85534716, z: 1}
  - {x: 1, y: 1.32377517, z: 1}
  - {x: 2, y: .986121058, z: 1}
  - {x: 3, y: .91549629, z: 1}
  - {x: 4, y: 1.21330929, z: 1}
  - {x: 5, y: 1.4743259, z: 1}
  - {x: 6, y: .924615324, z: 1}
  - {x: 7, y: 1.64141285, z: 1}
  - {x: 8, y: 2.03529334, z: 1}
  - {x: 9, y: 2.39994574, z: 1}
  - {x: 10, y: 2.14572287, z: 1}
  - {x: 11, y: 1.17914224, z: 1}
  - {x: 12, y: .781229675, z: 1}
  - {x: 13, y: .529351771, z: 1}
  - {x: 14, y: .9239254, z: 1}
  - {x: 15, y: 2.43265152, z: 1}
  - {x: 16, y: 3.62692714, z: 1}
  - {x: 17, y: 3.84203053, z: 1}
  - {x: 18, y: 4.45626497, z: 1}
  - {x: 19, y: 4.70112753, z: 1}
  - {x: 20, y: 4.77856255, z: 1}
  - {x: 21, y: 3.99951982, z: 1}
  - {x: 22, y: 3.3342905, z: 1}
  - {x: 23, y: 2.65995979, z: 1}
  - {x: 24, y: 2.09473252, z: 1}
  - {x: 25, y: 1.1525867, z: 1}
  - {x: 26, y: .614393771, z: 1}
  - {x: 27, y: .124112055, z: 1}
  - {x: 28, y: .562235296, z: 1}
  - {x: 29, y: 2.27268839, z: 1}
  - {x: 30, y: 2.11329317, z: 1}
  - {x: 31, y: 1.93033385, z: 1}
  - {x: 32, y: 3.54170847, z: 1}
  - {x: 33, y: 2.97793245, z: 1}
  - {x: 34, y: 3.21783662, z: 1}
  - {x: 35, y: 2.76060152, z: 1}
  - {x: 36, y: 1.92475259, z: 1}
  - {x: 37, y: 1.43863559, z: 1}
  - {x: 38, y: 1.56185079, z: 1}
  - {x: 39, y: 1.32624638, z: 1}
  - {x: 40, y: 1.98642612, z: 1}
  - {x: 41, y: 2.03495836, z: 1}
  - {x: 42, y: 2.85463548, z: 1}
  - {x: 43, y: 3.03221202, z: 1}
  - {x: 44, y: 2.53064346, z: 1}
  - {x: 45, y: 3.59663296, z: 1}
  - {x: 46, y: 3.2098577, z: 1}
  - {x: 47, y: 3.62189913, z: 1}
  - {x: 48, y: 3.85186648, z: 1}
  - {x: 49, y: 3.46672535, z: 1}
  - {x: 0, y: 3.18181252, z: 2}
  - {x: 1, y: 1.15579748, z: 2}
  - {x: 2, y: 1.50115597, z: 2}
  - {x: 3, y: 1.13879752, z: 2}
  - {x: 4, y: 1.47274625, z: 2}
  - {x: 5, y: 1.49532568, z: 2}
  - {x: 6, y: 1.54827404, z: 2}
  - {x: 7, y: 1.76737833, z: 2}
  - {x: 8, y: 2.0826273, z: 2}
  - {x: 9, y: 2.13574719, z: 2}
  - {x: 10, y: 2.41731691, z: 2}
  - {x: 11, y: 1.61274302, z: 2}
  - {x: 12, y: 1.08592558, z: 2}
  - {x: 13, y: 1.40171313, z: 2}
  - {x: 14, y: 2.26693392, z: 2}
  - {x: 15, y: 3.03276801, z: 2}
  - {x: 16, y: 3.09496021, z: 2}
  - {x: 17, y: 3.68949032, z: 2}
  - {x: 18, y: 4.04149914, z: 2}
  - {x: 19, y: 4.96772814, z: 2}
  - {x: 20, y: 3.78848529, z: 2}
  - {x: 21, y: 3.51492429, z: 2}
  - {x: 22, y: 2.39075565, z: 2}
  - {x: 23, y: 1.72213495, z: 2}
  - {x: 24, y: 1.32064009, z: 2}
  - {x: 25, y: 1.22437334, z: 2}
  - {x: 26, y: .644078255, z: 2}
  - {x: 27, y: .337888181, z: 2}
  - {x: 28, y: .801849902, z: 2}
  - {x: 29, y: 2.17252851, z: 2}
  - {x: 30, y: 2.48624134, z: 2}
  - {x: 31, y: 2.36493778, z: 2}
  - {x: 32, y: 3.02846336, z: 2}
  - {x: 33, y: 2.12117004, z: 2}
  - {x: 34, y: 1.42353594, z: 2}
  - {x: 35, y: 1.67173862, z: 2}
  - {x: 36, y: .988298357, z: 2}
  - {x: 37, y: .437321246, z: 2}
  - {x: 38, y: .866236448, z: 2}
  - {x: 39, y: 1.4133085, z: 2}
  - {x: 40, y: 1.72154927, z: 2}
  - {x: 41, y: .685606599, z: 2}
  - {x: 42, y: 2.0072403, z: 2}
  - {x: 43, y: 1.66696692, z: 2}
  - {x: 44, y: 2.87400842, z: 2}
  - {x: 45, y: 3.84175968, z: 2}
  - {x: 46, y: 3.35615039, z: 2}
  - {x: 47, y: 3.78602147, z: 2}
  - {x: 48, y: 3.31287813, z: 2}
  - {x: 49, y: 2.81310606, z: 2}
  - {x: 0, y: 3.18950081, z: 3}
  - {x: 1, y: 1.25126112, z: 3}
  - {x: 2, y: .735370159, z: 3}
  - {x: 3, y: 1.41580534, z: 3}
  - {x: 4, y: 1.86604393, z: 3}
  - {x: 5, y: 1.78659451, z: 3}
  - {x: 6, y: 2.20248675, z: 3}
  - {x: 7, y: 1.84945226, z: 3}
  - {x: 8, y: 2.48448753, z: 3}
  - {x: 9, y: 2.34998322, z: 3}
  - {x: 10, y: 2.32489133, z: 3}
  - {x: 11, y: 1.4516592, z: 3}
  - {x: 12, y: 2.0670917, z: 3}
  - {x: 13, y: 1.79726768, z: 3}
  - {x: 14, y: 2.27901936, z: 3}
  - {x: 15, y: 3.47946286, z: 3}
  - {x: 16, y: 2.96269894, z: 3}
  - {x: 17, y: 3.20192218, z: 3}
  - {x: 18, y: 3.69886112, z: 3}
  - {x: 19, y: 3.94975543, z: 3}
  - {x: 20, y: 3.93811893, z: 3}
  - {x: 21, y: 4.56645393, z: 3}
  - {x: 22, y: 3.31481743, z: 3}
  - {x: 23, y: 1.64724708, z: 3}
  - {x: 24, y: 1.0749017, z: 3}
  - {x: 25, y: 1.58834887, z: 3}
  - {x: 26, y: 1.51619911, z: 3}
  - {x: 27, y: 1.78980291, z: 3}
  - {x: 28, y: 1.76369882, z: 3}
  - {x: 29, y: 3.07503343, z: 3}
  - {x: 30, y: 3.12841153, z: 3}
  - {x: 31, y: 2.79349685, z: 3}
  - {x: 32, y: 2.79825592, z: 3}
  - {x: 33, y: 1.90487313, z: 3}
  - {x: 34, y: 1.45536065, z: 3}
  - {x: 35, y: 1.26726043, z: 3}
  - {x: 36, y: 1.22076917, z: 3}
  - {x: 37, y: .508459866, z: 3}
  - {x: 38, y: 1.71711457, z: 3}
  - {x: 39, y: 1.52850759, z: 3}
  - {x: 40, y: .677207053, z: 3}
  - {x: 41, y: .633269489, z: 3}
  - {x: 42, y: 1.51386595, z: 3}
  - {x: 43, y: 1.28657293, z: 3}
  - {x: 44, y: 1.09176183, z: 3}
  - {x: 45, y: 2.26080799, z: 3}
  - {x: 46, y: 3.17992234, z: 3}
  - {x: 47, y: 2.2968359, z: 3}
  - {x: 48, y: 2.65061879, z: 3}
  - {x: 49, y: 2.13554764, z: 3}
  - {x: 0, y: 3.39193845, z: 4}
  - {x: 1, y: 1.25045085, z: 4}
  - {x: 2, y: .881583691, z: 4}
  - {x: 3, y: 1.35360098, z: 4}
  - {x: 4, y: 2.22147822, z: 4}
  - {x: 5, y: 2.09298778, z: 4}
  - {x: 6, y: 1.76388323, z: 4}
  - {x: 7, y: 2.43308902, z: 4}
  - {x: 8, y: 2.33422256, z: 4}
  - {x: 9, y: 2.32964516, z: 4}
  - {x: 10, y: 2.04175806, z: 4}
  - {x: 11, y: 2.36542559, z: 4}
  - {x: 12, y: 1.6455338, z: 4}
  - {x: 13, y: 1.67038178, z: 4}
  - {x: 14, y: 1.66110992, z: 4}
  - {x: 15, y: 1.56189907, z: 4}
  - {x: 16, y: 2.28104663, z: 4}
  - {x: 17, y: 2.50929093, z: 4}
  - {x: 18, y: 2.71778321, z: 4}
  - {x: 19, y: 3.19764972, z: 4}
  - {x: 20, y: 3.67661047, z: 4}
  - {x: 21, y: 3.54962111, z: 4}
  - {x: 22, y: 2.46968794, z: 4}
  - {x: 23, y: 1.82916701, z: 4}
  - {x: 24, y: 1.58311415, z: 4}
  - {x: 25, y: 1.62899876, z: 4}
  - {x: 26, y: 2.06725335, z: 4}
  - {x: 27, y: 2.7685132, z: 4}
  - {x: 28, y: 3.33532143, z: 4}
  - {x: 29, y: 4.46840477, z: 4}
  - {x: 30, y: 4.02242231, z: 4}
  - {x: 31, y: 3.95386243, z: 4}
  - {x: 32, y: 2.90798473, z: 4}
  - {x: 33, y: 2.32375956, z: 4}
  - {x: 34, y: 2.4847424, z: 4}
  - {x: 35, y: 2.48093152, z: 4}
  - {x: 36, y: 1.73295283, z: 4}
  - {x: 37, y: 1.84031868, z: 4}
  - {x: 38, y: 2.6238277, z: 4}
  - {x: 39, y: 2.68401027, z: 4}
  - {x: 40, y: .45104599, z: 4}
  - {x: 41, y: .549413383, z: 4}
  - {x: 42, y: .995474815, z: 4}
  - {x: 43, y: 1.02415323, z: 4}
  - {x: 44, y: .526646554, z: 4}
  - {x: 45, y: 1.16601491, z: 4}
  - {x: 46, y: .912673175, z: 4}
  - {x: 47, y: 1.23196018, z: 4}
  - {x: 48, y: 1.33665073, z: 4}
  - {x: 49, y: 1.4751159, z: 4}
  - {x: 0, y: 2.6537323, z: 5}
  - {x: 1, y: 1.87620628, z: 5}
  - {x: 2, y: .599485278, z: 5}
  - {x: 3, y: .877939761, z: 5}
  - {x: 4, y: 2.03573704, z: 5}
  - {x: 5, y: 1.96278858, z: 5}
  - {x: 6, y: 2.19415689, z: 5}
  - {x: 7, y: 2.46119761, z: 5}
  - {x: 8, y: 3.07117033, z: 5}
  - {x: 9, y: 2.76352262, z: 5}
  - {x: 10, y: 2.48603821, z: 5}
  - {x: 11, y: 1.91137958, z: 5}
  - {x: 12, y: 1.44971299, z: 5}
  - {x: 13, y: .907864213, z: 5}
  - {x: 14, y: .880089104, z: 5}
  - {x: 15, y: 1.09590077, z: 5}
  - {x: 16, y: 1.72284174, z: 5}
  - {x: 17, y: 2.15885258, z: 5}
  - {x: 18, y: 2.83946967, z: 5}
  - {x: 19, y: 1.87969732, z: 5}
  - {x: 20, y: 2.23340178, z: 5}
  - {x: 21, y: 2.81767821, z: 5}
  - {x: 22, y: 1.76647568, z: 5}
  - {x: 23, y: 1.93816447, z: 5}
  - {x: 24, y: 2.05681133, z: 5}
  - {x: 25, y: 2.17490673, z: 5}
  - {x: 26, y: 2.34829116, z: 5}
  - {x: 27, y: 2.81298041, z: 5}
  - {x: 28, y: 3.58182788, z: 5}
  - {x: 29, y: 4.93732166, z: 5}
  - {x: 30, y: 5.69190121, z: 5}
  - {x: 31, y: 3.84279823, z: 5}
  - {x: 32, y: 3.09153128, z: 5}
  - {x: 33, y: 4.16030264, z: 5}
  - {x: 34, y: 3.78334546, z: 5}
  - {x: 35, y: 3.34298992, z: 5}
  - {x: 36, y: 2.85633659, z: 5}
  - {x: 37, y: 1.88448238, z: 5}
  - {x: 38, y: 1.71287537, z: 5}
  - {x: 39, y: 1.76319146, z: 5}
  - {x: 40, y: .954383671, z: 5}
  - {x: 41, y: 1.44381762, z: 5}
  - {x: 42, y: 1.27385497, z: 5}
  - {x: 43, y: 1.68806207, z: 5}
  - {x: 44, y: 1.15297878, z: 5}
  - {x: 45, y: .0775796026, z: 5}
  - {x: 46, y: .915777624, z: 5}
  - {x: 47, y: .402535319, z: 5}
  - {x: 48, y: .765114784, z: 5}
  - {x: 49, y: 1.58298802, z: 5}
  - {x: 0, y: 3.43684912, z: 6}
  - {x: 1, y: 2.45200682, z: 6}
  - {x: 2, y: 1.05593348, z: 6}
  - {x: 3, y: .394914001, z: 6}
  - {x: 4, y: .761778295, z: 6}
  - {x: 5, y: 1.67346072, z: 6}
  - {x: 6, y: 2.20031381, z: 6}
  - {x: 7, y: 2.50569797, z: 6}
  - {x: 8, y: 2.90629578, z: 6}
  - {x: 9, y: 2.69884539, z: 6}
  - {x: 10, y: 2.19107699, z: 6}
  - {x: 11, y: 1.65689254, z: 6}
  - {x: 12, y: 2.14786911, z: 6}
  - {x: 13, y: 1.10874665, z: 6}
  - {x: 14, y: .718485057, z: 6}
  - {x: 15, y: 1.1191467, z: 6}
  - {x: 16, y: 1.65337622, z: 6}
  - {x: 17, y: 2.64226913, z: 6}
  - {x: 18, y: 1.73433995, z: 6}
  - {x: 19, y: 1.49372315, z: 6}
  - {x: 20, y: 2.28412533, z: 6}
  - {x: 21, y: .918735743, z: 6}
  - {x: 22, y: 1.21950793, z: 6}
  - {x: 23, y: 1.2058301, z: 6}
  - {x: 24, y: 2.75884414, z: 6}
  - {x: 25, y: 2.51326084, z: 6}
  - {x: 26, y: 2.39249587, z: 6}
  - {x: 27, y: 2.94761777, z: 6}
  - {x: 28, y: 3.25335956, z: 6}
  - {x: 29, y: 4.4396348, z: 6}
  - {x: 30, y: 5.14541721, z: 6}
  - {x: 31, y: 3.97745132, z: 6}
  - {x: 32, y: 3.49255776, z: 6}
  - {x: 33, y: 3.61590719, z: 6}
  - {x: 34, y: 2.97033668, z: 6}
  - {x: 35, y: 3.12266493, z: 6}
  - {x: 36, y: 2.88736057, z: 6}
  - {x: 37, y: 1.9202466, z: 6}
  - {x: 38, y: 2.41640377, z: 6}
  - {x: 39, y: 2.28065562, z: 6}
  - {x: 40, y: 1.95340037, z: 6}
  - {x: 41, y: 2.77553511, z: 6}
  - {x: 42, y: 3.37630534, z: 6}
  - {x: 43, y: 2.17592978, z: 6}
  - {x: 44, y: 1.94991457, z: 6}
  - {x: 45, y: .375596315, z: 6}
  - {x: 46, y: .0339664668, z: 6}
  - {x: 47, y: .0842558593, z: 6}
  - {x: 48, y: .0891221985, z: 6}
  - {x: 49, y: .719752431, z: 6}
  - {x: 0, y: 3.41128159, z: 7}
  - {x: 1, y: 2.25327301, z: 7}
  - {x: 2, y: 1.85374367, z: 7}
  - {x: 3, y: 1.3916862, z: 7}
  - {x: 4, y: .947448134, z: 7}
  - {x: 5, y: 1.03536165, z: 7}
  - {x: 6, y: 1.56915712, z: 7}
  - {x: 7, y: 2.64926314, z: 7}
  - {x: 8, y: 3.61843729, z: 7}
  - {x: 9, y: 3.41320896, z: 7}
  - {x: 10, y: 2.28915668, z: 7}
  - {x: 11, y: 1.51168358, z: 7}
  - {x: 12, y: .838053346, z: 7}
  - {x: 13, y: 1.09702432, z: 7}
  - {x: 14, y: .911362708, z: 7}
  - {x: 15, y: .941194952, z: 7}
  - {x: 16, y: .696805716, z: 7}
  - {x: 17, y: 1.36207449, z: 7}
  - {x: 18, y: .742376745, z: 7}
  - {x: 19, y: .734991491, z: 7}
  - {x: 20, y: 1.53213036, z: 7}
  - {x: 21, y: .958999336, z: 7}
  - {x: 22, y: .898030519, z: 7}
  - {x: 23, y: 1.48036242, z: 7}
  - {x: 24, y: 1.35779715, z: 7}
  - {x: 25, y: 2.01215696, z: 7}
  - {x: 26, y: 2.53055954, z: 7}
  - {x: 27, y: 2.54929185, z: 7}
  - {x: 28, y: 2.47587276, z: 7}
  - {x: 29, y: 3.84755325, z: 7}
  - {x: 30, y: 4.21445799, z: 7}
  - {x: 31, y: 4.40649319, z: 7}
  - {x: 32, y: 3.62798166, z: 7}
  - {x: 33, y: 3.94192553, z: 7}
  - {x: 34, y: 2.73346186, z: 7}
  - {x: 35, y: 2.28176093, z: 7}
  - {x: 36, y: 3.0776155, z: 7}
  - {x: 37, y: 2.99451613, z: 7}
  - {x: 38, y: 2.33955908, z: 7}
  - {x: 39, y: 2.26460028, z: 7}
  - {x: 40, y: 2.79925632, z: 7}
  - {x: 41, y: 3.61363029, z: 7}
  - {x: 42, y: 2.43678355, z: 7}
  - {x: 43, y: 1.26812923, z: 7}
  - {x: 44, y: .450592607, z: 7}
  - {x: 45, y: .0621620379, z: 7}
  - {x: 46, y: .0536557995, z: 7}
  - {x: 47, y: .000122171594, z: 7}
  - {x: 48, y: .119074747, z: 7}
  - {x: 49, y: .168022037, z: 7}
  - {x: 0, y: 4.25931072, z: 8}
  - {x: 1, y: 2.82716513, z: 8}
  - {x: 2, y: 1.34971988, z: 8}
  - {x: 3, y: 1.85790908, z: 8}
  - {x: 4, y: 1.20034361, z: 8}
  - {x: 5, y: .999428689, z: 8}
  - {x: 6, y: 2.21608949, z: 8}
  - {x: 7, y: 3.25803995, z: 8}
  - {x: 8, y: 3.60929394, z: 8}
  - {x: 9, y: 2.67439723, z: 8}
  - {x: 10, y: 2.72842908, z: 8}
  - {x: 11, y: 2.52677917, z: 8}
  - {x: 12, y: .965370834, z: 8}
  - {x: 13, y: .490023226, z: 8}
  - {x: 14, y: 1.03600621, z: 8}
  - {x: 15, y: .917963326, z: 8}
  - {x: 16, y: .129537553, z: 8}
  - {x: 17, y: .227797091, z: 8}
  - {x: 18, y: .155933857, z: 8}
  - {x: 19, y: .115259305, z: 8}
  - {x: 20, y: .243520215, z: 8}
  - {x: 21, y: .957687378, z: 8}
  - {x: 22, y: 1.67770278, z: 8}
  - {x: 23, y: 1.40550566, z: 8}
  - {x: 24, y: 1.07306182, z: 8}
  - {x: 25, y: 1.59996212, z: 8}
  - {x: 26, y: 1.6678009, z: 8}
  - {x: 27, y: 1.92365503, z: 8}
  - {x: 28, y: 1.91311014, z: 8}
  - {x: 29, y: 2.18557334, z: 8}
  - {x: 30, y: 1.77313852, z: 8}
  - {x: 31, y: 2.84593916, z: 8}
  - {x: 32, y: 2.89352512, z: 8}
  - {x: 33, y: 2.80608368, z: 8}
  - {x: 34, y: 2.87429118, z: 8}
  - {x: 35, y: 2.91042686, z: 8}
  - {x: 36, y: 2.66605735, z: 8}
  - {x: 37, y: 3.21524239, z: 8}
  - {x: 38, y: 2.80159688, z: 8}
  - {x: 39, y: 3.37275004, z: 8}
  - {x: 40, y: 3.03011537, z: 8}
  - {x: 41, y: 2.94637918, z: 8}
  - {x: 42, y: 2.45755649, z: 8}
  - {x: 43, y: 1.03939021, z: 8}
  - {x: 44, y: .60302031, z: 8}
  - {x: 45, y: .383529246, z: 8}
  - {x: 46, y: .0636405051, z: 8}
  - {x: 47, y: .0589338839, z: 8}
  - {x: 48, y: .398459673, z: 8}
  - {x: 49, y: 1.17860448, z: 8}
  - {x: 0, y: 3.72356224, z: 9}
  - {x: 1, y: 3.17785764, z: 9}
  - {x: 2, y: 2.18173409, z: 9}
  - {x: 3, y: 2.20180297, z: 9}
  - {x: 4, y: .426227182, z: 9}
  - {x: 5, y: .844306886, z: 9}
  - {x: 6, y: .92077738, z: 9}
  - {x: 7, y: 2.28337359, z: 9}
  - {x: 8, y: 3.33271885, z: 9}
  - {x: 9, y: 3.28561354, z: 9}
  - {x: 10, y: 3.21794271, z: 9}
  - {x: 11, y: 2.98882937, z: 9}
  - {x: 12, y: 2.44280696, z: 9}
  - {x: 13, y: 1.04324913, z: 9}
  - {x: 14, y: 1.09083712, z: 9}
  - {x: 15, y: .823940158, z: 9}
  - {x: 16, y: .840457976, z: 9}
  - {x: 17, y: .599327147, z: 9}
  - {x: 18, y: .0633570403, z: 9}
  - {x: 19, y: .297929764, z: 9}
  - {x: 20, y: .271468341, z: 9}
  - {x: 21, y: .000104234248, z: 9}
  - {x: 22, y: .696258307, z: 9}
  - {x: 23, y: .131218299, z: 9}
  - {x: 24, y: .934531689, z: 9}
  - {x: 25, y: .971164644, z: 9}
  - {x: 26, y: .146452948, z: 9}
  - {x: 27, y: .23623848, z: 9}
  - {x: 28, y: .535939395, z: 9}
  - {x: 29, y: .742939055, z: 9}
  - {x: 30, y: .725811362, z: 9}
  - {x: 31, y: 1.73418939, z: 9}
  - {x: 32, y: 2.68584633, z: 9}
  - {x: 33, y: 2.64860678, z: 9}
  - {x: 34, y: 3.1943078, z: 9}
  - {x: 35, y: 3.56049204, z: 9}
  - {x: 36, y: 3.77124834, z: 9}
  - {x: 37, y: 2.86869097, z: 9}
  - {x: 38, y: 2.6221776, z: 9}
  - {x: 39, y: 2.25960445, z: 9}
  - {x: 40, y: 1.96884513, z: 9}
  - {x: 41, y: 2.15455842, z: 9}
  - {x: 42, y: 2.56716251, z: 9}
  - {x: 43, y: 1.71637249, z: 9}
  - {x: 44, y: .849497676, z: 9}
  - {x: 45, y: .00223017507, z: 9}
  - {x: 46, y: .783017218, z: 9}
  - {x: 47, y: .766149879, z: 9}
  - {x: 48, y: .956836581, z: 9}
  - {x: 49, y: 1.77791262, z: 9}
  - {x: 0, y: 3.4248848, z: 10}
  - {x: 1, y: 3.57584953, z: 10}
  - {x: 2, y: 2.8823328, z: 10}
  - {x: 3, y: 1.42164695, z: 10}
  - {x: 4, y: .865983129, z: 10}
  - {x: 5, y: .516390443, z: 10}
  - {x: 6, y: 1.46793175, z: 10}
  - {x: 7, y: 1.780159, z: 10}
  - {x: 8, y: 3.49206233, z: 10}
  - {x: 9, y: 3.18191171, z: 10}
  - {x: 10, y: 2.74264908, z: 10}
  - {x: 11, y: 2.30890894, z: 10}
  - {x: 12, y: 2.03843141, z: 10}
  - {x: 13, y: 1.18707669, z: 10}
  - {x: 14, y: 1.05657041, z: 10}
  - {x: 15, y: .585170627, z: 10}
  - {x: 16, y: 1.098436, z: 10}
  - {x: 17, y: .707207382, z: 10}
  - {x: 18, y: .226427495, z: 10}
  - {x: 19, y: .0999069512, z: 10}
  - {x: 20, y: .224588677, z: 10}
  - {x: 21, y: .633705735, z: 10}
  - {x: 22, y: .104084939, z: 10}
  - {x: 23, y: .7061584, z: 10}
  - {x: 24, y: .246031672, z: 10}
  - {x: 25, y: .414012253, z: 10}
  - {x: 26, y: .0372718796, z: 10}
  - {x: 27, y: .000499468937, z: 10}
  - {x: 28, y: .522662938, z: 10}
  - {x: 29, y: 1.72947836, z: 10}
  - {x: 30, y: 1.21856785, z: 10}
  - {x: 31, y: 1.48135078, z: 10}
  - {x: 32, y: 2.4484477, z: 10}
  - {x: 33, y: 3.34898806, z: 10}
  - {x: 34, y: 3.13806415, z: 10}
  - {x: 35, y: 3.56863141, z: 10}
  - {x: 36, y: 4.12598324, z: 10}
  - {x: 37, y: 2.33774519, z: 10}
  - {x: 38, y: 1.84611213, z: 10}
  - {x: 39, y: 1.70362175, z: 10}
  - {x: 40, y: 1.94134736, z: 10}
  - {x: 41, y: 1.92285645, z: 10}
  - {x: 42, y: 2.52741957, z: 10}
  - {x: 43, y: 1.2280283, z: 10}
  - {x: 44, y: .253648579, z: 10}
  - {x: 45, y: .246581197, z: 10}
  - {x: 46, y: .67406714, z: 10}
  - {x: 47, y: .913605452, z: 10}
  - {x: 48, y: 1.21301258, z: 10}
  - {x: 49, y: 2.87236571, z: 10}
  - {x: 0, y: 3.89225268, z: 11}
  - {x: 1, y: 4.60890818, z: 11}
  - {x: 2, y: 3.25453568, z: 11}
  - {x: 3, y: 2.47531796, z: 11}
  - {x: 4, y: 1.43274665, z: 11}
  - {x: 5, y: .941128492, z: 11}
  - {x: 6, y: .589706123, z: 11}
  - {x: 7, y: .899319589, z: 11}
  - {x: 8, y: 1.8232888, z: 11}
  - {x: 9, y: 2.85700989, z: 11}
  - {x: 10, y: 2.60113454, z: 11}
  - {x: 11, y: 2.61382914, z: 11}
  - {x: 12, y: 2.36679649, z: 11}
  - {x: 13, y: 1.95899272, z: 11}
  - {x: 14, y: 1.14855397, z: 11}
  - {x: 15, y: 1.61221004, z: 11}
  - {x: 16, y: .822906971, z: 11}
  - {x: 17, y: .85665226, z: 11}
  - {x: 18, y: 1.22315681, z: 11}
  - {x: 19, y: .30136621, z: 11}
  - {x: 20, y: .0838488936, z: 11}
  - {x: 21, y: .0206793211, z: 11}
  - {x: 22, y: .286076844, z: 11}
  - {x: 23, y: .633503854, z: 11}
  - {x: 24, y: 1.33849788, z: 11}
  - {x: 25, y: 1.42754018, z: 11}
  - {x: 26, y: .83443439, z: 11}
  - {x: 27, y: .627039552, z: 11}
  - {x: 28, y: .271264225, z: 11}
  - {x: 29, y: 1.48609209, z: 11}
  - {x: 30, y: 1.86750865, z: 11}
  - {x: 31, y: 2.28611827, z: 11}
  - {x: 32, y: 2.72843981, z: 11}
  - {x: 33, y: 3.96554828, z: 11}
  - {x: 34, y: 5.0612359, z: 11}
  - {x: 35, y: 4.52767801, z: 11}
  - {x: 36, y: 3.31757212, z: 11}
  - {x: 37, y: 2.62484884, z: 11}
  - {x: 38, y: 2.07629943, z: 11}
  - {x: 39, y: 2.03199553, z: 11}
  - {x: 40, y: 2.70139194, z: 11}
  - {x: 41, y: 2.18565583, z: 11}
  - {x: 42, y: 1.83380818, z: 11}
  - {x: 43, y: 1.49370003, z: 11}
  - {x: 44, y: .0451916642, z: 11}
  - {x: 45, y: .231072485, z: 11}
  - {x: 46, y: .668643057, z: 11}
  - {x: 47, y: .482745349, z: 11}
  - {x: 48, y: 2.19801211, z: 11}
  - {x: 49, y: 3.67200279, z: 11}
  - {x: 0, y: 5.36769867, z: 12}
  - {x: 1, y: 4.38319921, z: 12}
  - {x: 2, y: 4.20587063, z: 12}
  - {x: 3, y: 3.65731287, z: 12}
  - {x: 4, y: 2.33822131, z: 12}
  - {x: 5, y: 2.51710629, z: 12}
  - {x: 6, y: 1.14921892, z: 12}
  - {x: 7, y: .959709883, z: 12}
  - {x: 8, y: 1.28467774, z: 12}
  - {x: 9, y: 2.92654061, z: 12}
  - {x: 10, y: 2.56860733, z: 12}
  - {x: 11, y: 1.88569069, z: 12}
  - {x: 12, y: 2.62958527, z: 12}
  - {x: 13, y: 2.11721969, z: 12}
  - {x: 14, y: 1.91189218, z: 12}
  - {x: 15, y: 1.61074591, z: 12}
  - {x: 16, y: 1.55535197, z: 12}
  - {x: 17, y: 2.53568149, z: 12}
  - {x: 18, y: .724863887, z: 12}
  - {x: 19, y: .729023755, z: 12}
  - {x: 20, y: .132025972, z: 12}
  - {x: 21, y: .113982104, z: 12}
  - {x: 22, y: .00210418086, z: 12}
  - {x: 23, y: .187922925, z: 12}
  - {x: 24, y: 1.93814969, z: 12}
  - {x: 25, y: 1.96248555, z: 12}
  - {x: 26, y: .781122327, z: 12}
  - {x: 27, y: .929534912, z: 12}
  - {x: 28, y: .606089294, z: 12}
  - {x: 29, y: 1.39106643, z: 12}
  - {x: 30, y: 1.68160343, z: 12}
  - {x: 31, y: 1.838081, z: 12}
  - {x: 32, y: 2.80389333, z: 12}
  - {x: 33, y: 3.74499559, z: 12}
  - {x: 34, y: 4.71233654, z: 12}
  - {x: 35, y: 3.59860992, z: 12}
  - {x: 36, y: 2.87455606, z: 12}
  - {x: 37, y: 2.30747676, z: 12}
  - {x: 38, y: 2.19640994, z: 12}
  - {x: 39, y: 2.63296223, z: 12}
  - {x: 40, y: 3.32067752, z: 12}
  - {x: 41, y: 1.55754507, z: 12}
  - {x: 42, y: .294604897, z: 12}
  - {x: 43, y: .0494698398, z: 12}
  - {x: 44, y: .492648631, z: 12}
  - {x: 45, y: .115930989, z: 12}
  - {x: 46, y: .240581989, z: 12}
  - {x: 47, y: .728445649, z: 12}
  - {x: 48, y: 3.15091038, z: 12}
  - {x: 49, y: 3.4458704, z: 12}
  - {x: 0, y: 5.07330704, z: 13}
  - {x: 1, y: 4.22864056, z: 13}
  - {x: 2, y: 4.45738697, z: 13}
  - {x: 3, y: 4.14315557, z: 13}
  - {x: 4, y: 3.58813381, z: 13}
  - {x: 5, y: 3.83091402, z: 13}
  - {x: 6, y: 1.68472314, z: 13}
  - {x: 7, y: 1.54972684, z: 13}
  - {x: 8, y: 2.01636338, z: 13}
  - {x: 9, y: 2.53946972, z: 13}
  - {x: 10, y: 2.04412484, z: 13}
  - {x: 11, y: 2.04135036, z: 13}
  - {x: 12, y: 1.74266458, z: 13}
  - {x: 13, y: 1.8684032, z: 13}
  - {x: 14, y: 2.45365572, z: 13}
  - {x: 15, y: 3.09698439, z: 13}
  - {x: 16, y: 3.50042725, z: 13}
  - {x: 17, y: 2.22616768, z: 13}
  - {x: 18, y: 2.03147984, z: 13}
  - {x: 19, y: .928598166, z: 13}
  - {x: 20, y: .391114205, z: 13}
  - {x: 21, y: 1.19061005, z: 13}
  - {x: 22, y: 1.33524311, z: 13}
  - {x: 23, y: .149512112, z: 13}
  - {x: 24, y: .142810613, z: 13}
  - {x: 25, y: .09199889, z: 13}
  - {x: 26, y: .540001929, z: 13}
  - {x: 27, y: .458959818, z: 13}
  - {x: 28, y: 1.57313704, z: 13}
  - {x: 29, y: 1.22369421, z: 13}
  - {x: 30, y: 1.62138712, z: 13}
  - {x: 31, y: 2.52014542, z: 13}
  - {x: 32, y: 2.72091031, z: 13}
  - {x: 33, y: 3.68622518, z: 13}
  - {x: 34, y: 4.40021086, z: 13}
  - {x: 35, y: 3.62662745, z: 13}
  - {x: 36, y: 2.03520393, z: 13}
  - {x: 37, y: 1.19054449, z: 13}
  - {x: 38, y: 1.39505959, z: 13}
  - {x: 39, y: 2.44588399, z: 13}
  - {x: 40, y: 2.03598475, z: 13}
  - {x: 41, y: 1.22353411, z: 13}
  - {x: 42, y: 1.4081161, z: 13}
  - {x: 43, y: .328656733, z: 13}
  - {x: 44, y: .0178008378, z: 13}
  - {x: 45, y: .118071973, z: 13}
  - {x: 46, y: .249574453, z: 13}
  - {x: 47, y: 1.65791774, z: 13}
  - {x: 48, y: 1.6098299, z: 13}
  - {x: 49, y: 2.07607174, z: 13}
  - {x: 0, y: 5.40482759, z: 14}
  - {x: 1, y: 4.69676542, z: 14}
  - {x: 2, y: 3.80894995, z: 14}
  - {x: 3, y: 3.20125628, z: 14}
  - {x: 4, y: 3.77730513, z: 14}
  - {x: 5, y: 4.75979853, z: 14}
  - {x: 6, y: 3.16181922, z: 14}
  - {x: 7, y: 2.11636806, z: 14}
  - {x: 8, y: 1.96371198, z: 14}
  - {x: 9, y: 1.51042199, z: 14}
  - {x: 10, y: 1.65147769, z: 14}
  - {x: 11, y: 2.47703004, z: 14}
  - {x: 12, y: 2.07344174, z: 14}
  - {x: 13, y: 2.39273238, z: 14}
  - {x: 14, y: 3.30072165, z: 14}
  - {x: 15, y: 5.23283768, z: 14}
  - {x: 16, y: 4.35438013, z: 14}
  - {x: 17, y: 3.41326118, z: 14}
  - {x: 18, y: 3.65875196, z: 14}
  - {x: 19, y: 1.47762072, z: 14}
  - {x: 20, y: 1.77202809, z: 14}
  - {x: 21, y: 2.20513868, z: 14}
  - {x: 22, y: .900993466, z: 14}
  - {x: 23, y: .489510417, z: 14}
  - {x: 24, y: .32176429, z: 14}
  - {x: 25, y: 1.00903249, z: 14}
  - {x: 26, y: 1.38373518, z: 14}
  - {x: 27, y: 1.2363205, z: 14}
  - {x: 28, y: 1.38993037, z: 14}
  - {x: 29, y: 1.91716456, z: 14}
  - {x: 30, y: 1.8866123, z: 14}
  - {x: 31, y: 1.99637914, z: 14}
  - {x: 32, y: 2.75567555, z: 14}
  - {x: 33, y: 3.38641667, z: 14}
  - {x: 34, y: 4.48598051, z: 14}
  - {x: 35, y: 4.3036232, z: 14}
  - {x: 36, y: 2.21083307, z: 14}
  - {x: 37, y: 1.06053233, z: 14}
  - {x: 38, y: 1.34913397, z: 14}
  - {x: 39, y: 1.79554176, z: 14}
  - {x: 40, y: 2.6173594, z: 14}
  - {x: 41, y: 2.23989582, z: 14}
  - {x: 42, y: 1.28617454, z: 14}
  - {x: 43, y: .498926282, z: 14}
  - {x: 44, y: .901142299, z: 14}
  - {x: 45, y: 1.54967844, z: 14}
  - {x: 46, y: 1.77907598, z: 14}
  - {x: 47, y: 2.09267664, z: 14}
  - {x: 48, y: 1.41373289, z: 14}
  - {x: 49, y: 1.35024118, z: 14}
  - {x: 0, y: 6.93455648, z: 15}
  - {x: 1, y: 5.90702724, z: 15}
  - {x: 2, y: 4.18643332, z: 15}
  - {x: 3, y: 3.35344768, z: 15}
  - {x: 4, y: 2.68534875, z: 15}
  - {x: 5, y: 3.78078198, z: 15}
  - {x: 6, y: 3.62427616, z: 15}
  - {x: 7, y: 2.83413053, z: 15}
  - {x: 8, y: 2.05241108, z: 15}
  - {x: 9, y: 1.5082382, z: 15}
  - {x: 10, y: 1.3418479, z: 15}
  - {x: 11, y: 1.78967249, z: 15}
  - {x: 12, y: 3.29311514, z: 15}
  - {x: 13, y: 3.4945581, z: 15}
  - {x: 14, y: 4.28230381, z: 15}
  - {x: 15, y: 5.48057985, z: 15}
  - {x: 16, y: 5.67083454, z: 15}
  - {x: 17, y: 4.47075796, z: 15}
  - {x: 18, y: 3.57152605, z: 15}
  - {x: 19, y: 2.74870062, z: 15}
  - {x: 20, y: 3.39469647, z: 15}
  - {x: 21, y: 3.11408496, z: 15}
  - {x: 22, y: 2.1559093, z: 15}
  - {x: 23, y: 1.53329754, z: 15}
  - {x: 24, y: .766159356, z: 15}
  - {x: 25, y: .689696312, z: 15}
  - {x: 26, y: .79462415, z: 15}
  - {x: 27, y: .789164782, z: 15}
  - {x: 28, y: 1.15572286, z: 15}
  - {x: 29, y: 1.88739896, z: 15}
  - {x: 30, y: 3.17389989, z: 15}
  - {x: 31, y: 2.38518667, z: 15}
  - {x: 32, y: 2.7605257, z: 15}
  - {x: 33, y: 3.46275806, z: 15}
  - {x: 34, y: 4.34400034, z: 15}
  - {x: 35, y: 3.83863163, z: 15}
  - {x: 36, y: 2.62927103, z: 15}
  - {x: 37, y: 1.49301887, z: 15}
  - {x: 38, y: 1.020872, z: 15}
  - {x: 39, y: .794978499, z: 15}
  - {x: 40, y: 1.53320968, z: 15}
  - {x: 41, y: 2.39416027, z: 15}
  - {x: 42, y: 2.62588882, z: 15}
  - {x: 43, y: 2.04364204, z: 15}
  - {x: 44, y: 1.62006271, z: 15}
  - {x: 45, y: 1.71222901, z: 15}
  - {x: 46, y: 1.70713043, z: 15}
  - {x: 47, y: 1.6650666, z: 15}
  - {x: 48, y: 2.14561749, z: 15}
  - {x: 49, y: 2.10846519, z: 15}
  - {x: 0, y: 6.75601387, z: 16}
  - {x: 1, y: 6.11751604, z: 16}
  - {x: 2, y: 4.59945726, z: 16}
  - {x: 3, y: 2.66061592, z: 16}
  - {x: 4, y: 2.17164326, z: 16}
  - {x: 5, y: 3.13231015, z: 16}
  - {x: 6, y: 3.31890225, z: 16}
  - {x: 7, y: 3.03698635, z: 16}
  - {x: 8, y: 2.14461112, z: 16}
  - {x: 9, y: 1.12047362, z: 16}
  - {x: 10, y: 1.6324172, z: 16}
  - {x: 11, y: 2.33414555, z: 16}
  - {x: 12, y: 3.67218971, z: 16}
  - {x: 13, y: 3.4854672, z: 16}
  - {x: 14, y: 5.28978109, z: 16}
  - {x: 15, y: 5.58748293, z: 16}
  - {x: 16, y: 5.65070581, z: 16}
  - {x: 17, y: 4.65606451, z: 16}
  - {x: 18, y: 3.7806294, z: 16}
  - {x: 19, y: 3.83470416, z: 16}
  - {x: 20, y: 4.03452206, z: 16}
  - {x: 21, y: 3.57967186, z: 16}
  - {x: 22, y: 3.96941471, z: 16}
  - {x: 23, y: 3.23330545, z: 16}
  - {x: 24, y: 1.33161557, z: 16}
  - {x: 25, y: .946452498, z: 16}
  - {x: 26, y: .646626592, z: 16}
  - {x: 27, y: 1.23201942, z: 16}
  - {x: 28, y: 2.08944726, z: 16}
  - {x: 29, y: 2.3138144, z: 16}
  - {x: 30, y: 2.69405174, z: 16}
  - {x: 31, y: 2.10456157, z: 16}
  - {x: 32, y: 2.36922288, z: 16}
  - {x: 33, y: 3.49935436, z: 16}
  - {x: 34, y: 3.38601136, z: 16}
  - {x: 35, y: 2.97324538, z: 16}
  - {x: 36, y: 2.45055962, z: 16}
  - {x: 37, y: 2.27062488, z: 16}
  - {x: 38, y: 1.3110075, z: 16}
  - {x: 39, y: 1.86344266, z: 16}
  - {x: 40, y: 1.21265924, z: 16}
  - {x: 41, y: 1.73125267, z: 16}
  - {x: 42, y: 2.45728588, z: 16}
  - {x: 43, y: 3.09282494, z: 16}
  - {x: 44, y: 2.97868013, z: 16}
  - {x: 45, y: 2.57885981, z: 16}
  - {x: 46, y: 2.35453081, z: 16}
  - {x: 47, y: 1.75231123, z: 16}
  - {x: 48, y: 1.64244223, z: 16}
  - {x: 49, y: 1.97668099, z: 16}
  - {x: 0, y: 6.19810343, z: 17}
  - {x: 1, y: 5.72661781, z: 17}
  - {x: 2, y: 4.18002748, z: 17}
  - {x: 3, y: 2.75860405, z: 17}
  - {x: 4, y: 2.2818284, z: 17}
  - {x: 5, y: 2.96454191, z: 17}
  - {x: 6, y: 3.20623827, z: 17}
  - {x: 7, y: 2.06672621, z: 17}
  - {x: 8, y: 1.21693063, z: 17}
  - {x: 9, y: 1.12174761, z: 17}
  - {x: 10, y: .763499856, z: 17}
  - {x: 11, y: 1.7468245, z: 17}
  - {x: 12, y: 2.09171391, z: 17}
  - {x: 13, y: 3.04713392, z: 17}
  - {x: 14, y: 4.58489799, z: 17}
  - {x: 15, y: 6.15178394, z: 17}
  - {x: 16, y: 6.27816963, z: 17}
  - {x: 17, y: 5.94393635, z: 17}
  - {x: 18, y: 5.68119764, z: 17}
  - {x: 19, y: 4.4013586, z: 17}
  - {x: 20, y: 4.52750635, z: 17}
  - {x: 21, y: 4.15263844, z: 17}
  - {x: 22, y: 4.20987606, z: 17}
  - {x: 23, y: 4.25498295, z: 17}
  - {x: 24, y: 4.08976507, z: 17}
  - {x: 25, y: 1.88767886, z: 17}
  - {x: 26, y: 1.54198408, z: 17}
  - {x: 27, y: 2.3913672, z: 17}
  - {x: 28, y: 2.46840334, z: 17}
  - {x: 29, y: 2.27428818, z: 17}
  - {x: 30, y: 2.22867727, z: 17}
  - {x: 31, y: 2.06938648, z: 17}
  - {x: 32, y: 1.54842603, z: 17}
  - {x: 33, y: 2.3369863, z: 17}
  - {x: 34, y: 3.04712868, z: 17}
  - {x: 35, y: 3.14306617, z: 17}
  - {x: 36, y: 3.11376333, z: 17}
  - {x: 37, y: 3.58794355, z: 17}
  - {x: 38, y: 2.14640474, z: 17}
  - {x: 39, y: 2.3648262, z: 17}
  - {x: 40, y: 1.79837894, z: 17}
  - {x: 41, y: 2.0169611, z: 17}
  - {x: 42, y: 2.8710351, z: 17}
  - {x: 43, y: 3.84965611, z: 17}
  - {x: 44, y: 4.29720211, z: 17}
  - {x: 45, y: 2.63835001, z: 17}
  - {x: 46, y: 2.65339875, z: 17}
  - {x: 47, y: 2.23242068, z: 17}
  - {x: 48, y: 2.439152, z: 17}
  - {x: 49, y: 2.614784, z: 17}
  - {x: 0, y: 5.00883865, z: 18}
  - {x: 1, y: 4.74859619, z: 18}
  - {x: 2, y: 4.48499632, z: 18}
  - {x: 3, y: 3.57059574, z: 18}
  - {x: 4, y: 3.08392739, z: 18}
  - {x: 5, y: 3.01715708, z: 18}
  - {x: 6, y: 3.51814938, z: 18}
  - {x: 7, y: 1.5103811, z: 18}
  - {x: 8, y: .341790587, z: 18}
  - {x: 9, y: .319602162, z: 18}
  - {x: 10, y: 1.19206762, z: 18}
  - {x: 11, y: .853824735, z: 18}
  - {x: 12, y: 1.32194185, z: 18}
  - {x: 13, y: 2.13419056, z: 18}
  - {x: 14, y: 3.86520648, z: 18}
  - {x: 15, y: 5.50623894, z: 18}
  - {x: 16, y: 5.84624386, z: 18}
  - {x: 17, y: 5.34618282, z: 18}
  - {x: 18, y: 5.79689264, z: 18}
  - {x: 19, y: 4.85097694, z: 18}
  - {x: 20, y: 5.79787731, z: 18}
  - {x: 21, y: 5.02297926, z: 18}
  - {x: 22, y: 5.41533899, z: 18}
  - {x: 23, y: 5.23282719, z: 18}
  - {x: 24, y: 4.71051741, z: 18}
  - {x: 25, y: 3.2560463, z: 18}
  - {x: 26, y: 2.34409475, z: 18}
  - {x: 27, y: 2.00100803, z: 18}
  - {x: 28, y: 2.27689886, z: 18}
  - {x: 29, y: 1.84240878, z: 18}
  - {x: 30, y: 1.78770304, z: 18}
  - {x: 31, y: 1.67552185, z: 18}
  - {x: 32, y: 2.24079347, z: 18}
  - {x: 33, y: 3.07218671, z: 18}
  - {x: 34, y: 3.09375954, z: 18}
  - {x: 35, y: 3.25279903, z: 18}
  - {x: 36, y: 3.39001369, z: 18}
  - {x: 37, y: 3.43166065, z: 18}
  - {x: 38, y: 2.35954881, z: 18}
  - {x: 39, y: 1.82177711, z: 18}
  - {x: 40, y: 2.30297422, z: 18}
  - {x: 41, y: 2.74540925, z: 18}
  - {x: 42, y: 2.85240507, z: 18}
  - {x: 43, y: 3.77228785, z: 18}
  - {x: 44, y: 3.97998786, z: 18}
  - {x: 45, y: 3.06741762, z: 18}
  - {x: 46, y: 1.82033062, z: 18}
  - {x: 47, y: 2.01511407, z: 18}
  - {x: 48, y: 2.40376806, z: 18}
  - {x: 49, y: 2.99909139, z: 18}
  - {x: 0, y: 4.86177492, z: 19}
  - {x: 1, y: 5.04175425, z: 19}
  - {x: 2, y: 4.59868479, z: 19}
  - {x: 3, y: 3.90482473, z: 19}
  - {x: 4, y: 3.57221246, z: 19}
  - {x: 5, y: 2.98274612, z: 19}
  - {x: 6, y: 1.45234466, z: 19}
  - {x: 7, y: 1.23332381, z: 19}
  - {x: 8, y: 1.00315332, z: 19}
  - {x: 9, y: .305343658, z: 19}
  - {x: 10, y: 1.6152463, z: 19}
  - {x: 11, y: 2.23288679, z: 19}
  - {x: 12, y: 1.71902919, z: 19}
  - {x: 13, y: 2.14113879, z: 19}
  - {x: 14, y: 2.90110707, z: 19}
  - {x: 15, y: 4.71711826, z: 19}
  - {x: 16, y: 5.4018302, z: 19}
  - {x: 17, y: 5.83730316, z: 19}
  - {x: 18, y: 6.64714909, z: 19}
  - {x: 19, y: 5.83376408, z: 19}
  - {x: 20, y: 6.00537539, z: 19}
  - {x: 21, y: 6.10855627, z: 19}
  - {x: 22, y: 6.14848232, z: 19}
  - {x: 23, y: 6.3598547, z: 19}
  - {x: 24, y: 5.48412991, z: 19}
  - {x: 25, y: 4.25961876, z: 19}
  - {x: 26, y: 2.35976458, z: 19}
  - {x: 27, y: 1.26784909, z: 19}
  - {x: 28, y: 1.5232935, z: 19}
  - {x: 29, y: 1.92657971, z: 19}
  - {x: 30, y: 1.77572906, z: 19}
  - {x: 31, y: 2.74705434, z: 19}
  - {x: 32, y: 3.04258204, z: 19}
  - {x: 33, y: 2.94002342, z: 19}
  - {x: 34, y: 3.47128582, z: 19}
  - {x: 35, y: 2.79132557, z: 19}
  - {x: 36, y: 1.89844, z: 19}
  - {x: 37, y: 1.93904865, z: 19}
  - {x: 38, y: 2.26757097, z: 19}
  - {x: 39, y: 2.50869608, z: 19}
  - {x: 40, y: 2.06660128, z: 19}
  - {x: 41, y: 3.32745814, z: 19}
  - {x: 42, y: 3.14365721, z: 19}
  - {x: 43, y: 2.51255965, z: 19}
  - {x: 44, y: 2.92024374, z: 19}
  - {x: 45, y: 2.49517226, z: 19}
  - {x: 46, y: 2.27744913, z: 19}
  - {x: 47, y: .963039041, z: 19}
  - {x: 48, y: 1.81888866, z: 19}
  - {x: 49, y: 2.52026916, z: 19}
  - {x: 0, y: 3.17889476, z: 20}
  - {x: 1, y: 3.47145653, z: 20}
  - {x: 2, y: 3.86766648, z: 20}
  - {x: 3, y: 3.41045833, z: 20}
  - {x: 4, y: 3.16523767, z: 20}
  - {x: 5, y: 1.86554551, z: 20}
  - {x: 6, y: .947941482, z: 20}
  - {x: 7, y: .342378885, z: 20}
  - {x: 8, y: .386478424, z: 20}
  - {x: 9, y: .00190003053, z: 20}
  - {x: 10, y: .113601841, z: 20}
  - {x: 11, y: 1.40808821, z: 20}
  - {x: 12, y: 2.20818639, z: 20}
  - {x: 13, y: 2.45522738, z: 20}
  - {x: 14, y: 3.00823975, z: 20}
  - {x: 15, y: 4.9001503, z: 20}
  - {x: 16, y: 6.38010931, z: 20}
  - {x: 17, y: 6.24334526, z: 20}
  - {x: 18, y: 6.50110817, z: 20}
  - {x: 19, y: 6.72469378, z: 20}
  - {x: 20, y: 7.13258839, z: 20}
  - {x: 21, y: 7.25684738, z: 20}
  - {x: 22, y: 6.64911985, z: 20}
  - {x: 23, y: 6.47478676, z: 20}
  - {x: 24, y: 5.31462002, z: 20}
  - {x: 25, y: 3.62515545, z: 20}
  - {x: 26, y: 2.34954953, z: 20}
  - {x: 27, y: 1.728055, z: 20}
  - {x: 28, y: 1.78026021, z: 20}
  - {x: 29, y: 1.68463874, z: 20}
  - {x: 30, y: .877526879, z: 20}
  - {x: 31, y: 1.40784478, z: 20}
  - {x: 32, y: 1.89852381, z: 20}
  - {x: 33, y: 1.76471531, z: 20}
  - {x: 34, y: 1.33905602, z: 20}
  - {x: 35, y: 1.13481784, z: 20}
  - {x: 36, y: .854974329, z: 20}
  - {x: 37, y: 1.43223417, z: 20}
  - {x: 38, y: 1.57073557, z: 20}
  - {x: 39, y: 1.90023613, z: 20}
  - {x: 40, y: 1.84648454, z: 20}
  - {x: 41, y: 3.11591363, z: 20}
  - {x: 42, y: 2.26890349, z: 20}
  - {x: 43, y: 1.6065985, z: 20}
  - {x: 44, y: 1.67737651, z: 20}
  - {x: 45, y: 2.23987079, z: 20}
  - {x: 46, y: 2.34746647, z: 20}
  - {x: 47, y: .903969347, z: 20}
  - {x: 48, y: .917317271, z: 20}
  - {x: 49, y: 1.2601974, z: 20}
  - {x: 0, y: 2.24554348, z: 21}
  - {x: 1, y: 3.19398141, z: 21}
  - {x: 2, y: 3.57683206, z: 21}
  - {x: 3, y: 3.90942311, z: 21}
  - {x: 4, y: 3.32350922, z: 21}
  - {x: 5, y: 1.88442111, z: 21}
  - {x: 6, y: .815477371, z: 21}
  - {x: 7, y: .434682041, z: 21}
  - {x: 8, y: .195314825, z: 21}
  - {x: 9, y: .00804220233, z: 21}
  - {x: 10, y: .44579941, z: 21}
  - {x: 11, y: .752095461, z: 21}
  - {x: 12, y: 1.06175733, z: 21}
  - {x: 13, y: 2.61688709, z: 21}
  - {x: 14, y: 3.10892582, z: 21}
  - {x: 15, y: 3.59041452, z: 21}
  - {x: 16, y: 5.06449413, z: 21}
  - {x: 17, y: 6.11095047, z: 21}
  - {x: 18, y: 6.65480614, z: 21}
  - {x: 19, y: 6.7951107, z: 21}
  - {x: 20, y: 6.98907852, z: 21}
  - {x: 21, y: 5.85984612, z: 21}
  - {x: 22, y: 5.79101944, z: 21}
  - {x: 23, y: 5.9076333, z: 21}
  - {x: 24, y: 4.41148329, z: 21}
  - {x: 25, y: 3.65203834, z: 21}
  - {x: 26, y: 2.84422612, z: 21}
  - {x: 27, y: 1.59863234, z: 21}
  - {x: 28, y: 1.17002213, z: 21}
  - {x: 29, y: 2.08870506, z: 21}
  - {x: 30, y: 1.64419079, z: 21}
  - {x: 31, y: .940712094, z: 21}
  - {x: 32, y: .761555076, z: 21}
  - {x: 33, y: .312363565, z: 21}
  - {x: 34, y: .795095503, z: 21}
  - {x: 35, y: 1.74135113, z: 21}
  - {x: 36, y: 1.35770702, z: 21}
  - {x: 37, y: 1.73424077, z: 21}
  - {x: 38, y: 1.04143834, z: 21}
  - {x: 39, y: 1.39648843, z: 21}
  - {x: 40, y: 2.88705063, z: 21}
  - {x: 41, y: 2.65182018, z: 21}
  - {x: 42, y: 1.50957084, z: 21}
  - {x: 43, y: 1.02352667, z: 21}
  - {x: 44, y: 1.02868295, z: 21}
  - {x: 45, y: 1.40609157, z: 21}
  - {x: 46, y: .888990641, z: 21}
  - {x: 47, y: .896222353, z: 21}
  - {x: 48, y: 1.37255001, z: 21}
  - {x: 49, y: 1.83241034, z: 21}
  - {x: 0, y: 2.2363627, z: 22}
  - {x: 1, y: 2.57158399, z: 22}
  - {x: 2, y: 4.00919008, z: 22}
  - {x: 3, y: 2.36936855, z: 22}
  - {x: 4, y: 2.13418555, z: 22}
  - {x: 5, y: 1.68039429, z: 22}
  - {x: 6, y: 1.43097162, z: 22}
  - {x: 7, y: 1.00271165, z: 22}
  - {x: 8, y: .251735866, z: 22}
  - {x: 9, y: .343788922, z: 22}
  - {x: 10, y: .0951825678, z: 22}
  - {x: 11, y: .135883957, z: 22}
  - {x: 12, y: .0816792399, z: 22}
  - {x: 13, y: 1.06680012, z: 22}
  - {x: 14, y: 1.1520164, z: 22}
  - {x: 15, y: 1.91508162, z: 22}
  - {x: 16, y: 3.13313484, z: 22}
  - {x: 17, y: 4.20303631, z: 22}
  - {x: 18, y: 5.20873165, z: 22}
  - {x: 19, y: 5.98700094, z: 22}
  - {x: 20, y: 5.46435738, z: 22}
  - {x: 21, y: 4.78084755, z: 22}
  - {x: 22, y: 4.76633596, z: 22}
  - {x: 23, y: 4.68441868, z: 22}
  - {x: 24, y: 4.16861868, z: 22}
  - {x: 25, y: 4.7802248, z: 22}
  - {x: 26, y: 3.19973183, z: 22}
  - {x: 27, y: 2.60112262, z: 22}
  - {x: 28, y: 1.42290235, z: 22}
  - {x: 29, y: 1.69099152, z: 22}
  - {x: 30, y: 2.16131186, z: 22}
  - {x: 31, y: .926947236, z: 22}
  - {x: 32, y: .735181451, z: 22}
  - {x: 33, y: .35196352, z: 22}
  - {x: 34, y: 1.04838824, z: 22}
  - {x: 35, y: 2.33381486, z: 22}
  - {x: 36, y: 2.01476002, z: 22}
  - {x: 37, y: 1.15663731, z: 22}
  - {x: 38, y: .621498048, z: 22}
  - {x: 39, y: .482809246, z: 22}
  - {x: 40, y: .73429352, z: 22}
  - {x: 41, y: 1.72500324, z: 22}
  - {x: 42, y: .800868332, z: 22}
  - {x: 43, y: 1.39527202, z: 22}
  - {x: 44, y: 1.06636798, z: 22}
  - {x: 45, y: 1.96285558, z: 22}
  - {x: 46, y: 1.50502491, z: 22}
  - {x: 47, y: 2.12687445, z: 22}
  - {x: 48, y: 2.71362829, z: 22}
  - {x: 49, y: 2.63927555, z: 22}
  - {x: 0, y: 2.54903507, z: 23}
  - {x: 1, y: 2.1033535, z: 23}
  - {x: 2, y: 2.20988774, z: 23}
  - {x: 3, y: 1.8275398, z: 23}
  - {x: 4, y: 1.8596859, z: 23}
  - {x: 5, y: 2.20073819, z: 23}
  - {x: 6, y: 2.35911298, z: 23}
  - {x: 7, y: 1.3891077, z: 23}
  - {x: 8, y: 1.10328126, z: 23}
  - {x: 9, y: .664127827, z: 23}
  - {x: 10, y: .984447062, z: 23}
  - {x: 11, y: .284188658, z: 23}
  - {x: 12, y: .180616945, z: 23}
  - {x: 13, y: .50591141, z: 23}
  - {x: 14, y: .754709601, z: 23}
  - {x: 15, y: 2.07166696, z: 23}
  - {x: 16, y: 2.30969572, z: 23}
  - {x: 17, y: 3.69688129, z: 23}
  - {x: 18, y: 5.17611027, z: 23}
  - {x: 19, y: 5.19480991, z: 23}
  - {x: 20, y: 4.82641315, z: 23}
  - {x: 21, y: 4.88607979, z: 23}
  - {x: 22, y: 3.96358228, z: 23}
  - {x: 23, y: 3.95874834, z: 23}
  - {x: 24, y: 4.08640432, z: 23}
  - {x: 25, y: 3.85361552, z: 23}
  - {x: 26, y: 3.43720388, z: 23}
  - {x: 27, y: 2.85102463, z: 23}
  - {x: 28, y: 2.63199306, z: 23}
  - {x: 29, y: 2.47135687, z: 23}
  - {x: 30, y: 1.50975871, z: 23}
  - {x: 31, y: .522039294, z: 23}
  - {x: 32, y: .478901684, z: 23}
  - {x: 33, y: .875452161, z: 23}
  - {x: 34, y: 2.34688807, z: 23}
  - {x: 35, y: 2.92349219, z: 23}
  - {x: 36, y: 1.01528478, z: 23}
  - {x: 37, y: .206356674, z: 23}
  - {x: 38, y: .229637995, z: 23}
  - {x: 39, y: .590295494, z: 23}
  - {x: 40, y: .121522054, z: 23}
  - {x: 41, y: .141413972, z: 23}
  - {x: 42, y: .78688854, z: 23}
  - {x: 43, y: 1.00916052, z: 23}
  - {x: 44, y: 1.03501558, z: 23}
  - {x: 45, y: 1.52969837, z: 23}
  - {x: 46, y: 2.00290966, z: 23}
  - {x: 47, y: 2.50208998, z: 23}
  - {x: 48, y: 3.37672329, z: 23}
  - {x: 49, y: 3.17457914, z: 23}
  - {x: 0, y: 3.1406064, z: 24}
  - {x: 1, y: 2.45862222, z: 24}
  - {x: 2, y: 1.7299087, z: 24}
  - {x: 3, y: 1.87242138, z: 24}
  - {x: 4, y: 2.28193426, z: 24}
  - {x: 5, y: 3.25766778, z: 24}
  - {x: 6, y: 2.25632715, z: 24}
  - {x: 7, y: 1.40099299, z: 24}
  - {x: 8, y: .804365158, z: 24}
  - {x: 9, y: 1.669348, z: 24}
  - {x: 10, y: 2.23608279, z: 24}
  - {x: 11, y: 1.35877025, z: 24}
  - {x: 12, y: .595423996, z: 24}
  - {x: 13, y: .279200405, z: 24}
  - {x: 14, y: .873897314, z: 24}
  - {x: 15, y: 2.11083865, z: 24}
  - {x: 16, y: 1.84471858, z: 24}
  - {x: 17, y: 3.90592146, z: 24}
  - {x: 18, y: 5.07150936, z: 24}
  - {x: 19, y: 4.55015135, z: 24}
  - {x: 20, y: 4.35808516, z: 24}
  - {x: 21, y: 4.25810814, z: 24}
  - {x: 22, y: 2.90271378, z: 24}
  - {x: 23, y: 3.83223033, z: 24}
  - {x: 24, y: 4.00813007, z: 24}
  - {x: 25, y: 3.13505054, z: 24}
  - {x: 26, y: 2.63332868, z: 24}
  - {x: 27, y: 2.89054823, z: 24}
  - {x: 28, y: 1.76119852, z: 24}
  - {x: 29, y: 1.55993879, z: 24}
  - {x: 30, y: .944694996, z: 24}
  - {x: 31, y: .826231122, z: 24}
  - {x: 32, y: .935791254, z: 24}
  - {x: 33, y: 2.08353019, z: 24}
  - {x: 34, y: 3.19473243, z: 24}
  - {x: 35, y: 2.63944507, z: 24}
  - {x: 36, y: .352284372, z: 24}
  - {x: 37, y: .239086211, z: 24}
  - {x: 38, y: .889177978, z: 24}
  - {x: 39, y: 1.33133149, z: 24}
  - {x: 40, y: .084102869, z: 24}
  - {x: 41, y: .106774375, z: 24}
  - {x: 42, y: .355677009, z: 24}
  - {x: 43, y: .560508907, z: 24}
  - {x: 44, y: .19159925, z: 24}
  - {x: 45, y: .471319675, z: 24}
  - {x: 46, y: 1.3599807, z: 24}
  - {x: 47, y: 2.57720113, z: 24}
  - {x: 48, y: 4.26970673, z: 24}
  - {x: 49, y: 4.11897659, z: 24}
  - {x: 0, y: 2.18533611, z: 25}
  - {x: 1, y: 1.50972354, z: 25}
  - {x: 2, y: 1.28066158, z: 25}
  - {x: 3, y: 2.11631417, z: 25}
  - {x: 4, y: 2.76434875, z: 25}
  - {x: 5, y: 3.3357718, z: 25}
  - {x: 6, y: 3.38504672, z: 25}
  - {x: 7, y: 2.2018652, z: 25}
  - {x: 8, y: 1.45812571, z: 25}
  - {x: 9, y: 2.14867592, z: 25}
  - {x: 10, y: 3.03208637, z: 25}
  - {x: 11, y: 2.57942438, z: 25}
  - {x: 12, y: .515622139, z: 25}
  - {x: 13, y: .404371262, z: 25}
  - {x: 14, y: .775748014, z: 25}
  - {x: 15, y: 2.0090642, z: 25}
  - {x: 16, y: 2.2069788, z: 25}
  - {x: 17, y: 3.43122244, z: 25}
  - {x: 18, y: 4.22163105, z: 25}
  - {x: 19, y: 4.22802401, z: 25}
  - {x: 20, y: 3.95050645, z: 25}
  - {x: 21, y: 3.31423903, z: 25}
  - {x: 22, y: 2.31037188, z: 25}
  - {x: 23, y: 2.14030838, z: 25}
  - {x: 24, y: 2.55704784, z: 25}
  - {x: 25, y: 1.61949289, z: 25}
  - {x: 26, y: 1.78760123, z: 25}
  - {x: 27, y: 2.02389526, z: 25}
  - {x: 28, y: 1.63748431, z: 25}
  - {x: 29, y: .851808846, z: 25}
  - {x: 30, y: .979577661, z: 25}
  - {x: 31, y: 1.52103233, z: 25}
  - {x: 32, y: 1.65636134, z: 25}
  - {x: 33, y: 2.08980131, z: 25}
  - {x: 34, y: 2.00498366, z: 25}
  - {x: 35, y: 1.42711866, z: 25}
  - {x: 36, y: .823832631, z: 25}
  - {x: 37, y: .10173136, z: 25}
  - {x: 38, y: 1.27665019, z: 25}
  - {x: 39, y: .20577541, z: 25}
  - {x: 40, y: .151753068, z: 25}
  - {x: 41, y: .155873507, z: 25}
  - {x: 42, y: .604844391, z: 25}
  - {x: 43, y: .666297317, z: 25}
  - {x: 44, y: .737995982, z: 25}
  - {x: 45, y: 1.11764562, z: 25}
  - {x: 46, y: 1.16209304, z: 25}
  - {x: 47, y: 1.82114947, z: 25}
  - {x: 48, y: 3.5942266, z: 25}
  - {x: 49, y: 3.60044146, z: 25}
  - {x: 0, y: 1.09990454, z: 26}
  - {x: 1, y: .189347088, z: 26}
  - {x: 2, y: .0693721324, z: 26}
  - {x: 3, y: .54452914, z: 26}
  - {x: 4, y: 1.60934329, z: 26}
  - {x: 5, y: 1.71014917, z: 26}
  - {x: 6, y: 2.34427023, z: 26}
  - {x: 7, y: 2.73272491, z: 26}
  - {x: 8, y: 2.57946205, z: 26}
  - {x: 9, y: 2.72815514, z: 26}
  - {x: 10, y: 4.32266521, z: 26}
  - {x: 11, y: 3.77764964, z: 26}
  - {x: 12, y: 1.36822534, z: 26}
  - {x: 13, y: 1.39857888, z: 26}
  - {x: 14, y: 1.75469995, z: 26}
  - {x: 15, y: 2.5724628, z: 26}
  - {x: 16, y: 2.92595148, z: 26}
  - {x: 17, y: 3.39702868, z: 26}
  - {x: 18, y: 3.91399193, z: 26}
  - {x: 19, y: 3.36464858, z: 26}
  - {x: 20, y: 2.71880269, z: 26}
  - {x: 21, y: 2.82746053, z: 26}
  - {x: 22, y: 2.25912762, z: 26}
  - {x: 23, y: 1.60387743, z: 26}
  - {x: 24, y: 1.08399987, z: 26}
  - {x: 25, y: .966272891, z: 26}
  - {x: 26, y: .679316878, z: 26}
  - {x: 27, y: 1.26386178, z: 26}
  - {x: 28, y: 1.22787237, z: 26}
  - {x: 29, y: 1.86736655, z: 26}
  - {x: 30, y: 2.16380191, z: 26}
  - {x: 31, y: 2.10895896, z: 26}
  - {x: 32, y: 3.04980135, z: 26}
  - {x: 33, y: 2.0620966, z: 26}
  - {x: 34, y: 1.24887419, z: 26}
  - {x: 35, y: .877504885, z: 26}
  - {x: 36, y: 1.69053268, z: 26}
  - {x: 37, y: .347102106, z: 26}
  - {x: 38, y: .422214329, z: 26}
  - {x: 39, y: .00125088252, z: 26}
  - {x: 40, y: .0336335376, z: 26}
  - {x: 41, y: .599515975, z: 26}
  - {x: 42, y: 1.91368508, z: 26}
  - {x: 43, y: 2.30247426, z: 26}
  - {x: 44, y: 2.4404707, z: 26}
  - {x: 45, y: 1.98321629, z: 26}
  - {x: 46, y: .588516831, z: 26}
  - {x: 47, y: 1.25850344, z: 26}
  - {x: 48, y: 1.54037809, z: 26}
  - {x: 49, y: 2.12161851, z: 26}
  - {x: 0, y: .397079647, z: 27}
  - {x: 1, y: .513326168, z: 27}
  - {x: 2, y: .081447348, z: 27}
  - {x: 3, y: .000640867744, z: 27}
  - {x: 4, y: .234174222, z: 27}
  - {x: 5, y: .636530817, z: 27}
  - {x: 6, y: 1.08688188, z: 27}
  - {x: 7, y: 2.24024105, z: 27}
  - {x: 8, y: 3.32297611, z: 27}
  - {x: 9, y: 3.95416236, z: 27}
  - {x: 10, y: 5.18433952, z: 27}
  - {x: 11, y: 4.14111328, z: 27}
  - {x: 12, y: 2.94752455, z: 27}
  - {x: 13, y: 2.8027873, z: 27}
  - {x: 14, y: 1.96222293, z: 27}
  - {x: 15, y: 2.2874732, z: 27}
  - {x: 16, y: 2.49002123, z: 27}
  - {x: 17, y: 3.64751339, z: 27}
  - {x: 18, y: 2.99473763, z: 27}
  - {x: 19, y: 1.67261291, z: 27}
  - {x: 20, y: 1.62995124, z: 27}
  - {x: 21, y: 1.79773951, z: 27}
  - {x: 22, y: 2.80686975, z: 27}
  - {x: 23, y: 1.36491656, z: 27}
  - {x: 24, y: .82224226, z: 27}
  - {x: 25, y: .0882202685, z: 27}
  - {x: 26, y: .1580102, z: 27}
  - {x: 27, y: .422379851, z: 27}
  - {x: 28, y: 1.79737449, z: 27}
  - {x: 29, y: 3.74198461, z: 27}
  - {x: 30, y: 3.43656063, z: 27}
  - {x: 31, y: 3.15095568, z: 27}
  - {x: 32, y: 2.95911837, z: 27}
  - {x: 33, y: 2.2859416, z: 27}
  - {x: 34, y: 1.3445698, z: 27}
  - {x: 35, y: 1.45423639, z: 27}
  - {x: 36, y: 3.05478716, z: 27}
  - {x: 37, y: 1.08177614, z: 27}
  - {x: 38, y: .997792006, z: 27}
  - {x: 39, y: .813307524, z: 27}
  - {x: 40, y: .539459884, z: 27}
  - {x: 41, y: 1.31509638, z: 27}
  - {x: 42, y: 2.14369678, z: 27}
  - {x: 43, y: 2.56775475, z: 27}
  - {x: 44, y: 2.16575003, z: 27}
  - {x: 45, y: 1.93738055, z: 27}
  - {x: 46, y: .884337366, z: 27}
  - {x: 47, y: 1.02518272, z: 27}
  - {x: 48, y: 1.64301729, z: 27}
  - {x: 49, y: 1.19481635, z: 27}
  - {x: 0, y: 1.02953982, z: 28}
  - {x: 1, y: 1.14766002, z: 28}
  - {x: 2, y: .390574396, z: 28}
  - {x: 3, y: .404525876, z: 28}
  - {x: 4, y: .0334776416, z: 28}
  - {x: 5, y: .246342927, z: 28}
  - {x: 6, y: .476939976, z: 28}
  - {x: 7, y: 1.47936606, z: 28}
  - {x: 8, y: 3.08935761, z: 28}
  - {x: 9, y: 4.3553381, z: 28}
  - {x: 10, y: 6.30299759, z: 28}
  - {x: 11, y: 4.99908257, z: 28}
  - {x: 12, y: 4.3199563, z: 28}
  - {x: 13, y: 3.91219044, z: 28}
  - {x: 14, y: 2.9186511, z: 28}
  - {x: 15, y: 2.71458125, z: 28}
  - {x: 16, y: 2.78971171, z: 28}
  - {x: 17, y: 2.82165384, z: 28}
  - {x: 18, y: 1.697052, z: 28}
  - {x: 19, y: 1.16694665, z: 28}
  - {x: 20, y: 1.38490307, z: 28}
  - {x: 21, y: 1.51492846, z: 28}
  - {x: 22, y: 2.02974844, z: 28}
  - {x: 23, y: 1.52432656, z: 28}
  - {x: 24, y: .242269054, z: 28}
  - {x: 25, y: .0923119113, z: 28}
  - {x: 26, y: .000545162882, z: 28}
  - {x: 27, y: .0197079685, z: 28}
  - {x: 28, y: 1.1869278, z: 28}
  - {x: 29, y: 3.51508975, z: 28}
  - {x: 30, y: 4.65673494, z: 28}
  - {x: 31, y: 4.77389383, z: 28}
  - {x: 32, y: 3.20193243, z: 28}
  - {x: 33, y: 2.864182, z: 28}
  - {x: 34, y: 2.08007455, z: 28}
  - {x: 35, y: 2.60012579, z: 28}
  - {x: 36, y: 3.50677824, z: 28}
  - {x: 37, y: 1.94044256, z: 28}
  - {x: 38, y: .316007078, z: 28}
  - {x: 39, y: .661162496, z: 28}
  - {x: 40, y: 1.68809116, z: 28}
  - {x: 41, y: 3.11289191, z: 28}
  - {x: 42, y: 3.09789228, z: 28}
  - {x: 43, y: 2.05090499, z: 28}
  - {x: 44, y: 1.0407418, z: 28}
  - {x: 45, y: .829401255, z: 28}
  - {x: 46, y: .56502229, z: 28}
  - {x: 47, y: .427595437, z: 28}
  - {x: 48, y: .395275623, z: 28}
  - {x: 49, y: .903297663, z: 28}
  - {x: 0, y: 1.62469912, z: 29}
  - {x: 1, y: 2.28238225, z: 29}
  - {x: 2, y: .97124064, z: 29}
  - {x: 3, y: .197251722, z: 29}
  - {x: 4, y: .308981895, z: 29}
  - {x: 5, y: .68681252, z: 29}
  - {x: 6, y: .821335554, z: 29}
  - {x: 7, y: 1.66467381, z: 29}
  - {x: 8, y: 2.4693737, z: 29}
  - {x: 9, y: 3.68100166, z: 29}
  - {x: 10, y: 5.29064703, z: 29}
  - {x: 11, y: 5.4949789, z: 29}
  - {x: 12, y: 4.64598751, z: 29}
  - {x: 13, y: 4.29062939, z: 29}
  - {x: 14, y: 3.55830646, z: 29}
  - {x: 15, y: 3.25417733, z: 29}
  - {x: 16, y: 2.98925352, z: 29}
  - {x: 17, y: 3.09712744, z: 29}
  - {x: 18, y: 3.12944627, z: 29}
  - {x: 19, y: 1.32039082, z: 29}
  - {x: 20, y: .586070299, z: 29}
  - {x: 21, y: .918411076, z: 29}
  - {x: 22, y: .958456755, z: 29}
  - {x: 23, y: .32066372, z: 29}
  - {x: 24, y: .390175343, z: 29}
  - {x: 25, y: .461427391, z: 29}
  - {x: 26, y: .678388178, z: 29}
  - {x: 27, y: .200191826, z: 29}
  - {x: 28, y: .595754325, z: 29}
  - {x: 29, y: 2.52806187, z: 29}
  - {x: 30, y: 4.05784845, z: 29}
  - {x: 31, y: 4.75586033, z: 29}
  - {x: 32, y: 3.83893871, z: 29}
  - {x: 33, y: 3.41647887, z: 29}
  - {x: 34, y: 3.29574466, z: 29}
  - {x: 35, y: 2.82727981, z: 29}
  - {x: 36, y: 3.19682169, z: 29}
  - {x: 37, y: 1.6553086, z: 29}
  - {x: 38, y: .978861392, z: 29}
  - {x: 39, y: 1.24647474, z: 29}
  - {x: 40, y: 3.02558517, z: 29}
  - {x: 41, y: 3.11684275, z: 29}
  - {x: 42, y: 2.79477024, z: 29}
  - {x: 43, y: 2.83108974, z: 29}
  - {x: 44, y: .970785379, z: 29}
  - {x: 45, y: .90580374, z: 29}
  - {x: 46, y: .201192424, z: 29}
  - {x: 47, y: .289855719, z: 29}
  - {x: 48, y: .257157028, z: 29}
  - {x: 49, y: .457792878, z: 29}
  - {x: 0, y: 4.03806591, z: 30}
  - {x: 1, y: 3.50482678, z: 30}
  - {x: 2, y: 2.786865, z: 30}
  - {x: 3, y: .725286841, z: 30}
  - {x: 4, y: 1.04177594, z: 30}
  - {x: 5, y: .657629728, z: 30}
  - {x: 6, y: 1.25083303, z: 30}
  - {x: 7, y: 1.72650909, z: 30}
  - {x: 8, y: 1.63196802, z: 30}
  - {x: 9, y: 2.90407515, z: 30}
  - {x: 10, y: 5.01606655, z: 30}
  - {x: 11, y: 6.24543667, z: 30}
  - {x: 12, y: 5.65517616, z: 30}
  - {x: 13, y: 5.74505138, z: 30}
  - {x: 14, y: 4.58508015, z: 30}
  - {x: 15, y: 4.09283781, z: 30}
  - {x: 16, y: 3.13551879, z: 30}
  - {x: 17, y: 2.42755365, z: 30}
  - {x: 18, y: 1.736408, z: 30}
  - {x: 19, y: 1.07795393, z: 30}
  - {x: 20, y: .542936325, z: 30}
  - {x: 21, y: .94934845, z: 30}
  - {x: 22, y: .0869611949, z: 30}
  - {x: 23, y: 1.86204457, z: 30}
  - {x: 24, y: 1.53869176, z: 30}
  - {x: 25, y: 1.512218, z: 30}
  - {x: 26, y: .87420392, z: 30}
  - {x: 27, y: .443194211, z: 30}
  - {x: 28, y: 1.7873106, z: 30}
  - {x: 29, y: 2.45828986, z: 30}
  - {x: 30, y: 3.9015007, z: 30}
  - {x: 31, y: 4.47012472, z: 30}
  - {x: 32, y: 4.52149916, z: 30}
  - {x: 33, y: 3.93823123, z: 30}
  - {x: 34, y: 2.87824011, z: 30}
  - {x: 35, y: 1.71638894, z: 30}
  - {x: 36, y: 2.00382757, z: 30}
  - {x: 37, y: 1.22749555, z: 30}
  - {x: 38, y: 1.37198198, z: 30}
  - {x: 39, y: 2.20919013, z: 30}
  - {x: 40, y: 3.44340134, z: 30}
  - {x: 41, y: 3.4133215, z: 30}
  - {x: 42, y: 3.60379457, z: 30}
  - {x: 43, y: 3.05883288, z: 30}
  - {x: 44, y: 2.34597254, z: 30}
  - {x: 45, y: 1.62148666, z: 30}
  - {x: 46, y: 1.66092741, z: 30}
  - {x: 47, y: 1.31422579, z: 30}
  - {x: 48, y: .578600526, z: 30}
  - {x: 49, y: .241620809, z: 30}
  - {x: 0, y: 4.48375177, z: 31}
  - {x: 1, y: 3.61036897, z: 31}
  - {x: 2, y: 3.45973945, z: 31}
  - {x: 3, y: 3.17343855, z: 31}
  - {x: 4, y: 2.21002054, z: 31}
  - {x: 5, y: .850621939, z: 31}
  - {x: 6, y: .875398517, z: 31}
  - {x: 7, y: 1.21192408, z: 31}
  - {x: 8, y: 2.12085533, z: 31}
  - {x: 9, y: 3.330019, z: 31}
  - {x: 10, y: 4.44938231, z: 31}
  - {x: 11, y: 5.83227253, z: 31}
  - {x: 12, y: 5.76868439, z: 31}
  - {x: 13, y: 5.64707232, z: 31}
  - {x: 14, y: 5.29156971, z: 31}
  - {x: 15, y: 4.07945776, z: 31}
  - {x: 16, y: 2.79153371, z: 31}
  - {x: 17, y: 2.10000134, z: 31}
  - {x: 18, y: 1.30281615, z: 31}
  - {x: 19, y: .90330869, z: 31}
  - {x: 20, y: 1.51285362, z: 31}
  - {x: 21, y: .457511872, z: 31}
  - {x: 22, y: .716190279, z: 31}
  - {x: 23, y: 2.15062523, z: 31}
  - {x: 24, y: 1.57579875, z: 31}
  - {x: 25, y: 1.30703211, z: 31}
  - {x: 26, y: .818910658, z: 31}
  - {x: 27, y: 1.44384551, z: 31}
  - {x: 28, y: 3.30593705, z: 31}
  - {x: 29, y: 3.30254817, z: 31}
  - {x: 30, y: 3.75687385, z: 31}
  - {x: 31, y: 4.2763381, z: 31}
  - {x: 32, y: 4.64269209, z: 31}
  - {x: 33, y: 3.03409362, z: 31}
  - {x: 34, y: 2.74599743, z: 31}
  - {x: 35, y: 1.98797536, z: 31}
  - {x: 36, y: 1.28644276, z: 31}
  - {x: 37, y: .670704544, z: 31}
  - {x: 38, y: 1.25263739, z: 31}
  - {x: 39, y: 3.14821219, z: 31}
  - {x: 40, y: 3.39945459, z: 31}
  - {x: 41, y: 2.98441625, z: 31}
  - {x: 42, y: 3.42576218, z: 31}
  - {x: 43, y: 3.35426235, z: 31}
  - {x: 44, y: 3.43806028, z: 31}
  - {x: 45, y: 3.92123079, z: 31}
  - {x: 46, y: 3.32255006, z: 31}
  - {x: 47, y: 1.73456407, z: 31}
  - {x: 48, y: .342672139, z: 31}
  - {x: 49, y: 1.28216124, z: 31}
  - {x: 0, y: 4.22347403, z: 32}
  - {x: 1, y: 3.26479292, z: 32}
  - {x: 2, y: 3.65892792, z: 32}
  - {x: 3, y: 3.4680531, z: 32}
  - {x: 4, y: 2.33008218, z: 32}
  - {x: 5, y: 1.10296178, z: 32}
  - {x: 6, y: .495356441, z: 32}
  - {x: 7, y: 1.30557203, z: 32}
  - {x: 8, y: 1.2568264, z: 32}
  - {x: 9, y: 2.9788785, z: 32}
  - {x: 10, y: 4.35641336, z: 32}
  - {x: 11, y: 6.41607571, z: 32}
  - {x: 12, y: 5.51011753, z: 32}
  - {x: 13, y: 5.43553305, z: 32}
  - {x: 14, y: 5.32042122, z: 32}
  - {x: 15, y: 4.10591793, z: 32}
  - {x: 16, y: 3.63901043, z: 32}
  - {x: 17, y: 2.5882318, z: 32}
  - {x: 18, y: 1.32291734, z: 32}
  - {x: 19, y: 1.63860261, z: 32}
  - {x: 20, y: 1.42179966, z: 32}
  - {x: 21, y: .863724053, z: 32}
  - {x: 22, y: 1.36575627, z: 32}
  - {x: 23, y: 2.05834651, z: 32}
  - {x: 24, y: 2.34047222, z: 32}
  - {x: 25, y: 1.92604554, z: 32}
  - {x: 26, y: .671870708, z: 32}
  - {x: 27, y: 2.78569746, z: 32}
  - {x: 28, y: 3.37371325, z: 32}
  - {x: 29, y: 3.95222783, z: 32}
  - {x: 30, y: 3.63920236, z: 32}
  - {x: 31, y: 4.03847075, z: 32}
  - {x: 32, y: 3.75153899, z: 32}
  - {x: 33, y: 3.25665617, z: 32}
  - {x: 34, y: 2.15622878, z: 32}
  - {x: 35, y: 2.42956114, z: 32}
  - {x: 36, y: 1.04464042, z: 32}
  - {x: 37, y: .358344197, z: 32}
  - {x: 38, y: 1.84058571, z: 32}
  - {x: 39, y: 2.36621428, z: 32}
  - {x: 40, y: 2.94133615, z: 32}
  - {x: 41, y: 2.47435665, z: 32}
  - {x: 42, y: 2.79269338, z: 32}
  - {x: 43, y: 3.29409146, z: 32}
  - {x: 44, y: 4.2024436, z: 32}
  - {x: 45, y: 3.94302392, z: 32}
  - {x: 46, y: 3.50628901, z: 32}
  - {x: 47, y: 2.83823299, z: 32}
  - {x: 48, y: .541595399, z: 32}
  - {x: 49, y: .145676911, z: 32}
  - {x: 0, y: 4.34242868, z: 33}
  - {x: 1, y: 3.00116181, z: 33}
  - {x: 2, y: 3.32918739, z: 33}
  - {x: 3, y: 2.64828944, z: 33}
  - {x: 4, y: 1.50423145, z: 33}
  - {x: 5, y: 1.42004919, z: 33}
  - {x: 6, y: .745764136, z: 33}
  - {x: 7, y: .487299681, z: 33}
  - {x: 8, y: 1.08263278, z: 33}
  - {x: 9, y: 2.51367688, z: 33}
  - {x: 10, y: 4.99025536, z: 33}
  - {x: 11, y: 6.22269583, z: 33}
  - {x: 12, y: 5.98022032, z: 33}
  - {x: 13, y: 5.61560154, z: 33}
  - {x: 14, y: 4.63143396, z: 33}
  - {x: 15, y: 3.8346746, z: 33}
  - {x: 16, y: 3.11004972, z: 33}
  - {x: 17, y: 3.39904761, z: 33}
  - {x: 18, y: 2.2349472, z: 33}
  - {x: 19, y: 1.80463445, z: 33}
  - {x: 20, y: .949118733, z: 33}
  - {x: 21, y: 1.31755424, z: 33}
  - {x: 22, y: 1.12567914, z: 33}
  - {x: 23, y: .973100603, z: 33}
  - {x: 24, y: 1.41110396, z: 33}
  - {x: 25, y: 1.22856545, z: 33}
  - {x: 26, y: .542040586, z: 33}
  - {x: 27, y: 1.1227169, z: 33}
  - {x: 28, y: 2.87017226, z: 33}
  - {x: 29, y: 4.58888578, z: 33}
  - {x: 30, y: 3.8247416, z: 33}
  - {x: 31, y: 3.68933797, z: 33}
  - {x: 32, y: 3.32626319, z: 33}
  - {x: 33, y: 3.14364815, z: 33}
  - {x: 34, y: 2.81767178, z: 33}
  - {x: 35, y: 2.58489251, z: 33}
  - {x: 36, y: 2.22465253, z: 33}
  - {x: 37, y: 1.3517493, z: 33}
  - {x: 38, y: 1.19736624, z: 33}
  - {x: 39, y: 1.49884248, z: 33}
  - {x: 40, y: 1.76487219, z: 33}
  - {x: 41, y: 2.28574538, z: 33}
  - {x: 42, y: 2.99277401, z: 33}
  - {x: 43, y: 3.21444941, z: 33}
  - {x: 44, y: 2.97191119, z: 33}
  - {x: 45, y: 2.77504468, z: 33}
  - {x: 46, y: 3.30401325, z: 33}
  - {x: 47, y: 3.0006721, z: 33}
  - {x: 48, y: 2.85679913, z: 33}
  - {x: 49, y: 1.16150761, z: 33}
  - {x: 0, y: 3.68482327, z: 34}
  - {x: 1, y: 3.06271911, z: 34}
  - {x: 2, y: 3.32395554, z: 34}
  - {x: 3, y: 2.43384409, z: 34}
  - {x: 4, y: 1.81360388, z: 34}
  - {x: 5, y: 1.27504718, z: 34}
  - {x: 6, y: .955960155, z: 34}
  - {x: 7, y: .824527085, z: 34}
  - {x: 8, y: 1.78249288, z: 34}
  - {x: 9, y: 2.91729403, z: 34}
  - {x: 10, y: 4.33350515, z: 34}
  - {x: 11, y: 5.75464058, z: 34}
  - {x: 12, y: 5.55158043, z: 34}
  - {x: 13, y: 4.45234346, z: 34}
  - {x: 14, y: 3.70931745, z: 34}
  - {x: 15, y: 2.54613113, z: 34}
  - {x: 16, y: 2.21144295, z: 34}
  - {x: 17, y: 2.55078912, z: 34}
  - {x: 18, y: 1.77320302, z: 34}
  - {x: 19, y: 2.19561505, z: 34}
  - {x: 20, y: .449984699, z: 34}
  - {x: 21, y: .992509246, z: 34}
  - {x: 22, y: 1.2275039, z: 34}
  - {x: 23, y: 1.50555515, z: 34}
  - {x: 24, y: .369443417, z: 34}
  - {x: 25, y: .0751475096, z: 34}
  - {x: 26, y: .798882902, z: 34}
  - {x: 27, y: .799607277, z: 34}
  - {x: 28, y: 2.76885009, z: 34}
  - {x: 29, y: 4.84553719, z: 34}
  - {x: 30, y: 5.13938046, z: 34}
  - {x: 31, y: 4.84449482, z: 34}
  - {x: 32, y: 4.89086676, z: 34}
  - {x: 33, y: 4.69621468, z: 34}
  - {x: 34, y: 3.97489095, z: 34}
  - {x: 35, y: 2.84432125, z: 34}
  - {x: 36, y: 3.47232819, z: 34}
  - {x: 37, y: 1.67497563, z: 34}
  - {x: 38, y: 1.31465983, z: 34}
  - {x: 39, y: 1.10687387, z: 34}
  - {x: 40, y: 2.03252363, z: 34}
  - {x: 41, y: 2.21439886, z: 34}
  - {x: 42, y: 1.93612528, z: 34}
  - {x: 43, y: 2.27545357, z: 34}
  - {x: 44, y: 2.79968309, z: 34}
  - {x: 45, y: 3.13638115, z: 34}
  - {x: 46, y: 3.69510126, z: 34}
  - {x: 47, y: 4.43130589, z: 34}
  - {x: 48, y: 4.29997158, z: 34}
  - {x: 49, y: 2.85498142, z: 34}
  - {x: 0, y: 2.56519413, z: 35}
  - {x: 1, y: 2.11850929, z: 35}
  - {x: 2, y: 2.44797325, z: 35}
  - {x: 3, y: 1.66330791, z: 35}
  - {x: 4, y: 1.64545643, z: 35}
  - {x: 5, y: 1.56810987, z: 35}
  - {x: 6, y: 1.60540164, z: 35}
  - {x: 7, y: 1.76419854, z: 35}
  - {x: 8, y: 2.21111178, z: 35}
  - {x: 9, y: 3.73348618, z: 35}
  - {x: 10, y: 4.39819384, z: 35}
  - {x: 11, y: 5.74811172, z: 35}
  - {x: 12, y: 5.71021557, z: 35}
  - {x: 13, y: 4.7933588, z: 35}
  - {x: 14, y: 3.88097715, z: 35}
  - {x: 15, y: 2.46244836, z: 35}
  - {x: 16, y: 1.79370582, z: 35}
  - {x: 17, y: .975200653, z: 35}
  - {x: 18, y: .874919832, z: 35}
  - {x: 19, y: 2.47406149, z: 35}
  - {x: 20, y: 1.82849193, z: 35}
  - {x: 21, y: .225504696, z: 35}
  - {x: 22, y: .162175164, z: 35}
  - {x: 23, y: .230837405, z: 35}
  - {x: 24, y: .0827172995, z: 35}
  - {x: 25, y: .0728977993, z: 35}
  - {x: 26, y: .250488967, z: 35}
  - {x: 27, y: 1.29848373, z: 35}
  - {x: 28, y: 3.00091386, z: 35}
  - {x: 29, y: 5.3985877, z: 35}
  - {x: 30, y: 5.62836695, z: 35}
  - {x: 31, y: 5.36992168, z: 35}
  - {x: 32, y: 4.97292948, z: 35}
  - {x: 33, y: 4.80503893, z: 35}
  - {x: 34, y: 3.25475454, z: 35}
  - {x: 35, y: 2.68615365, z: 35}
  - {x: 36, y: 2.58154106, z: 35}
  - {x: 37, y: 2.13201857, z: 35}
  - {x: 38, y: .998736918, z: 35}
  - {x: 39, y: 1.26419282, z: 35}
  - {x: 40, y: 2.12817597, z: 35}
  - {x: 41, y: 2.00245333, z: 35}
  - {x: 42, y: 1.82092547, z: 35}
  - {x: 43, y: 2.72466516, z: 35}
  - {x: 44, y: 3.2297287, z: 35}
  - {x: 45, y: 3.75779152, z: 35}
  - {x: 46, y: 3.60893726, z: 35}
  - {x: 47, y: 3.96931219, z: 35}
  - {x: 48, y: 4.29369402, z: 35}
  - {x: 49, y: 2.89243841, z: 35}
  - {x: 0, y: 1.89558029, z: 36}
  - {x: 1, y: 1.55781054, z: 36}
  - {x: 2, y: 1.61838114, z: 36}
  - {x: 3, y: 1.35564435, z: 36}
  - {x: 4, y: 2.33689523, z: 36}
  - {x: 5, y: 2.11025667, z: 36}
  - {x: 6, y: 2.32113338, z: 36}
  - {x: 7, y: 2.5235281, z: 36}
  - {x: 8, y: 3.16638017, z: 36}
  - {x: 9, y: 4.15940094, z: 36}
  - {x: 10, y: 4.40576077, z: 36}
  - {x: 11, y: 5.21433735, z: 36}
  - {x: 12, y: 6.2040782, z: 36}
  - {x: 13, y: 5.00135612, z: 36}
  - {x: 14, y: 3.29874992, z: 36}
  - {x: 15, y: 2.26034665, z: 36}
  - {x: 16, y: 1.30021691, z: 36}
  - {x: 17, y: .784728825, z: 36}
  - {x: 18, y: .639973402, z: 36}
  - {x: 19, y: 1.32258046, z: 36}
  - {x: 20, y: 1.90141094, z: 36}
  - {x: 21, y: 1.03554189, z: 36}
  - {x: 22, y: .584896743, z: 36}
  - {x: 23, y: .693298578, z: 36}
  - {x: 24, y: .382804304, z: 36}
  - {x: 25, y: .316077739, z: 36}
  - {x: 26, y: .660781026, z: 36}
  - {x: 27, y: 1.30730534, z: 36}
  - {x: 28, y: 2.82479334, z: 36}
  - {x: 29, y: 4.97638798, z: 36}
  - {x: 30, y: 4.96295738, z: 36}
  - {x: 31, y: 4.91890812, z: 36}
  - {x: 32, y: 4.61263943, z: 36}
  - {x: 33, y: 3.77394485, z: 36}
  - {x: 34, y: 2.6979363, z: 36}
  - {x: 35, y: 2.84968328, z: 36}
  - {x: 36, y: 2.86554623, z: 36}
  - {x: 37, y: 1.68152618, z: 36}
  - {x: 38, y: .778930545, z: 36}
  - {x: 39, y: 1.87022698, z: 36}
  - {x: 40, y: 2.70599079, z: 36}
  - {x: 41, y: 1.87512684, z: 36}
  - {x: 42, y: 1.72102666, z: 36}
  - {x: 43, y: 2.7658546, z: 36}
  - {x: 44, y: 3.16089344, z: 36}
  - {x: 45, y: 3.30542541, z: 36}
  - {x: 46, y: 3.64110923, z: 36}
  - {x: 47, y: 4.42129946, z: 36}
  - {x: 48, y: 3.69412637, z: 36}
  - {x: 49, y: 2.80880737, z: 36}
  - {x: 0, y: 2.11573076, z: 37}
  - {x: 1, y: 2.12501955, z: 37}
  - {x: 2, y: 1.82943678, z: 37}
  - {x: 3, y: 2.11443233, z: 37}
  - {x: 4, y: 2.85723591, z: 37}
  - {x: 5, y: 2.35931301, z: 37}
  - {x: 6, y: 3.61340308, z: 37}
  - {x: 7, y: 3.63636446, z: 37}
  - {x: 8, y: 4.42012882, z: 37}
  - {x: 9, y: 4.69631052, z: 37}
  - {x: 10, y: 4.43889809, z: 37}
  - {x: 11, y: 4.07791805, z: 37}
  - {x: 12, y: 4.4778614, z: 37}
  - {x: 13, y: 3.92991042, z: 37}
  - {x: 14, y: 2.77908778, z: 37}
  - {x: 15, y: 2.2725172, z: 37}
  - {x: 16, y: 2.43044066, z: 37}
  - {x: 17, y: .503994524, z: 37}
  - {x: 18, y: .415222764, z: 37}
  - {x: 19, y: 1.34843183, z: 37}
  - {x: 20, y: 2.72747064, z: 37}
  - {x: 21, y: 3.26033688, z: 37}
  - {x: 22, y: 1.98376536, z: 37}
  - {x: 23, y: 1.43936932, z: 37}
  - {x: 24, y: .732708275, z: 37}
  - {x: 25, y: .904925764, z: 37}
  - {x: 26, y: 1.69708431, z: 37}
  - {x: 27, y: 1.42485595, z: 37}
  - {x: 28, y: 2.81324744, z: 37}
  - {x: 29, y: 4.41209984, z: 37}
  - {x: 30, y: 4.82329321, z: 37}
  - {x: 31, y: 5.61682653, z: 37}
  - {x: 32, y: 4.11879492, z: 37}
  - {x: 33, y: 3.55546761, z: 37}
  - {x: 34, y: 2.57406592, z: 37}
  - {x: 35, y: 2.97605276, z: 37}
  - {x: 36, y: 3.09003067, z: 37}
  - {x: 37, y: 2.22289658, z: 37}
  - {x: 38, y: .82993114, z: 37}
  - {x: 39, y: 1.03725445, z: 37}
  - {x: 40, y: 1.88893628, z: 37}
  - {x: 41, y: 2.41408324, z: 37}
  - {x: 42, y: 2.31810999, z: 37}
  - {x: 43, y: 1.95888865, z: 37}
  - {x: 44, y: 3.19039154, z: 37}
  - {x: 45, y: 3.31430483, z: 37}
  - {x: 46, y: 5.03664923, z: 37}
  - {x: 47, y: 4.63388348, z: 37}
  - {x: 48, y: 3.73929381, z: 37}
  - {x: 49, y: 3.91059995, z: 37}
  - {x: 0, y: 2.30222988, z: 38}
  - {x: 1, y: 2.66116357, z: 38}
  - {x: 2, y: 2.35363579, z: 38}
  - {x: 3, y: 2.03136206, z: 38}
  - {x: 4, y: 2.25711012, z: 38}
  - {x: 5, y: 1.48528695, z: 38}
  - {x: 6, y: 2.40416598, z: 38}
  - {x: 7, y: 2.96457481, z: 38}
  - {x: 8, y: 3.5218749, z: 38}
  - {x: 9, y: 5.46470594, z: 38}
  - {x: 10, y: 3.93407321, z: 38}
  - {x: 11, y: 3.27965951, z: 38}
  - {x: 12, y: 2.08573055, z: 38}
  - {x: 13, y: 1.98574495, z: 38}
  - {x: 14, y: 2.28952122, z: 38}
  - {x: 15, y: 2.35771918, z: 38}
  - {x: 16, y: 2.56704211, z: 38}
  - {x: 17, y: 1.60253119, z: 38}
  - {x: 18, y: 1.16988289, z: 38}
  - {x: 19, y: 1.96332026, z: 38}
  - {x: 20, y: 3.57808924, z: 38}
  - {x: 21, y: 5.02879429, z: 38}
  - {x: 22, y: 3.95220804, z: 38}
  - {x: 23, y: 3.21128559, z: 38}
  - {x: 24, y: 2.3651576, z: 38}
  - {x: 25, y: 1.89371228, z: 38}
  - {x: 26, y: 2.2118907, z: 38}
  - {x: 27, y: 1.84410393, z: 38}
  - {x: 28, y: 2.53716111, z: 38}
  - {x: 29, y: 3.80490255, z: 38}
  - {x: 30, y: 4.76001072, z: 38}
  - {x: 31, y: 4.85100079, z: 38}
  - {x: 32, y: 4.60278559, z: 38}
  - {x: 33, y: 4.0777359, z: 38}
  - {x: 34, y: 3.92851257, z: 38}
  - {x: 35, y: 3.57681036, z: 38}
  - {x: 36, y: 4.17250156, z: 38}
  - {x: 37, y: 3.71163177, z: 38}
  - {x: 38, y: 1.7905556, z: 38}
  - {x: 39, y: 1.00308537, z: 38}
  - {x: 40, y: 1.85911989, z: 38}
  - {x: 41, y: 3.00841618, z: 38}
  - {x: 42, y: 2.26445246, z: 38}
  - {x: 43, y: 2.79904819, z: 38}
  - {x: 44, y: 2.89563417, z: 38}
  - {x: 45, y: 3.70727587, z: 38}
  - {x: 46, y: 4.04280996, z: 38}
  - {x: 47, y: 3.77614689, z: 38}
  - {x: 48, y: 3.48215222, z: 38}
  - {x: 49, y: 2.90509844, z: 38}
  - {x: 0, y: 1.18971586, z: 39}
  - {x: 1, y: .546872735, z: 39}
  - {x: 2, y: 1.64525032, z: 39}
  - {x: 3, y: .895597279, z: 39}
  - {x: 4, y: 1.4831115, z: 39}
  - {x: 5, y: 1.24823248, z: 39}
  - {x: 6, y: 1.47091377, z: 39}
  - {x: 7, y: 1.42929912, z: 39}
  - {x: 8, y: 2.98854399, z: 39}
  - {x: 9, y: 3.46246099, z: 39}
  - {x: 10, y: 3.16755962, z: 39}
  - {x: 11, y: 2.14329433, z: 39}
  - {x: 12, y: 1.37320256, z: 39}
  - {x: 13, y: .811249018, z: 39}
  - {x: 14, y: 1.1998775, z: 39}
  - {x: 15, y: 2.39539599, z: 39}
  - {x: 16, y: 2.44868469, z: 39}
  - {x: 17, y: 2.04151011, z: 39}
  - {x: 18, y: 1.21103382, z: 39}
  - {x: 19, y: 2.0384984, z: 39}
  - {x: 20, y: 3.37480879, z: 39}
  - {x: 21, y: 4.03283405, z: 39}
  - {x: 22, y: 4.78871155, z: 39}
  - {x: 23, y: 4.29044151, z: 39}
  - {x: 24, y: 3.64143801, z: 39}
  - {x: 25, y: 3.4215517, z: 39}
  - {x: 26, y: 2.30385041, z: 39}
  - {x: 27, y: 2.35560942, z: 39}
  - {x: 28, y: 3.04137564, z: 39}
  - {x: 29, y: 4.26383066, z: 39}
  - {x: 30, y: 4.94257069, z: 39}
  - {x: 31, y: 5.33577633, z: 39}
  - {x: 32, y: 5.43432665, z: 39}
  - {x: 33, y: 5.24000359, z: 39}
  - {x: 34, y: 5.76224136, z: 39}
  - {x: 35, y: 4.53711462, z: 39}
  - {x: 36, y: 3.96537757, z: 39}
  - {x: 37, y: 3.60921121, z: 39}
  - {x: 38, y: 2.62047505, z: 39}
  - {x: 39, y: 1.7884295, z: 39}
  - {x: 40, y: 2.24918699, z: 39}
  - {x: 41, y: 3.06034327, z: 39}
  - {x: 42, y: 3.38589072, z: 39}
  - {x: 43, y: 2.56630182, z: 39}
  - {x: 44, y: 2.84211302, z: 39}
  - {x: 45, y: 4.43379259, z: 39}
  - {x: 46, y: 4.16816568, z: 39}
  - {x: 47, y: 2.85910988, z: 39}
  - {x: 48, y: 2.75328612, z: 39}
  - {x: 49, y: 1.81737673, z: 39}
  - {x: 0, y: .355269283, z: 40}
  - {x: 1, y: .20352158, z: 40}
  - {x: 2, y: .210133553, z: 40}
  - {x: 3, y: .346186101, z: 40}
  - {x: 4, y: .986929655, z: 40}
  - {x: 5, y: 1.29844451, z: 40}
  - {x: 6, y: 1.0326041, z: 40}
  - {x: 7, y: 1.51299834, z: 40}
  - {x: 8, y: 2.08426213, z: 40}
  - {x: 9, y: 2.16839123, z: 40}
  - {x: 10, y: 1.24361253, z: 40}
  - {x: 11, y: 1.6963501, z: 40}
  - {x: 12, y: .796198487, z: 40}
  - {x: 13, y: .634322166, z: 40}
  - {x: 14, y: .35669145, z: 40}
  - {x: 15, y: .27662468, z: 40}
  - {x: 16, y: .989630103, z: 40}
  - {x: 17, y: .962432981, z: 40}
  - {x: 18, y: .764796197, z: 40}
  - {x: 19, y: .94526881, z: 40}
  - {x: 20, y: 1.78659225, z: 40}
  - {x: 21, y: 3.20334053, z: 40}
  - {x: 22, y: 4.77696371, z: 40}
  - {x: 23, y: 4.89578772, z: 40}
  - {x: 24, y: 3.94475937, z: 40}
  - {x: 25, y: 4.26099157, z: 40}
  - {x: 26, y: 3.7968998, z: 40}
  - {x: 27, y: 3.24156332, z: 40}
  - {x: 28, y: 3.86567616, z: 40}
  - {x: 29, y: 5.23550987, z: 40}
  - {x: 30, y: 6.16941166, z: 40}
  - {x: 31, y: 6.84950304, z: 40}
  - {x: 32, y: 7.34195614, z: 40}
  - {x: 33, y: 6.61788988, z: 40}
  - {x: 34, y: 5.25239897, z: 40}
  - {x: 35, y: 4.51968861, z: 40}
  - {x: 36, y: 4.08636618, z: 40}
  - {x: 37, y: 4.17113495, z: 40}
  - {x: 38, y: 3.25959182, z: 40}
  - {x: 39, y: 3.11991668, z: 40}
  - {x: 40, y: 3.46306419, z: 40}
  - {x: 41, y: 4.01915169, z: 40}
  - {x: 42, y: 3.65891433, z: 40}
  - {x: 43, y: 2.9238801, z: 40}
  - {x: 44, y: 2.90191388, z: 40}
  - {x: 45, y: 3.9856801, z: 40}
  - {x: 46, y: 3.2219646, z: 40}
  - {x: 47, y: 2.32282352, z: 40}
  - {x: 48, y: 2.12020707, z: 40}
  - {x: 49, y: .566461802, z: 40}
  - {x: 0, y: .146182463, z: 41}
  - {x: 1, y: .401847482, z: 41}
  - {x: 2, y: 1.12257338, z: 41}
  - {x: 3, y: .399674535, z: 41}
  - {x: 4, y: .738806367, z: 41}
  - {x: 5, y: 2.13279533, z: 41}
  - {x: 6, y: 2.00602412, z: 41}
  - {x: 7, y: 2.80139112, z: 41}
  - {x: 8, y: 2.17476678, z: 41}
  - {x: 9, y: 1.93068933, z: 41}
  - {x: 10, y: .964029193, z: 41}
  - {x: 11, y: .870320737, z: 41}
  - {x: 12, y: .257103801, z: 41}
  - {x: 13, y: .158298463, z: 41}
  - {x: 14, y: .142855346, z: 41}
  - {x: 15, y: .454963475, z: 41}
  - {x: 16, y: .461379886, z: 41}
  - {x: 17, y: .409046978, z: 41}
  - {x: 18, y: .57467109, z: 41}
  - {x: 19, y: .538778961, z: 41}
  - {x: 20, y: 1.53237712, z: 41}
  - {x: 21, y: 4.0840683, z: 41}
  - {x: 22, y: 5.42945957, z: 41}
  - {x: 23, y: 5.76656055, z: 41}
  - {x: 24, y: 4.05977774, z: 41}
  - {x: 25, y: 4.7988596, z: 41}
  - {x: 26, y: 4.2667532, z: 41}
  - {x: 27, y: 4.61309671, z: 41}
  - {x: 28, y: 5.10487986, z: 41}
  - {x: 29, y: 5.49478579, z: 41}
  - {x: 30, y: 5.56364536, z: 41}
  - {x: 31, y: 7.12366772, z: 41}
  - {x: 32, y: 7.49029684, z: 41}
  - {x: 33, y: 7.01073456, z: 41}
  - {x: 34, y: 5.44433641, z: 41}
  - {x: 35, y: 4.65584564, z: 41}
  - {x: 36, y: 4.07020855, z: 41}
  - {x: 37, y: 3.76523066, z: 41}
  - {x: 38, y: 3.36136365, z: 41}
  - {x: 39, y: 3.2131362, z: 41}
  - {x: 40, y: 4.3555007, z: 41}
  - {x: 41, y: 4.45120811, z: 41}
  - {x: 42, y: 2.49238205, z: 41}
  - {x: 43, y: 2.36125088, z: 41}
  - {x: 44, y: 3.11255574, z: 41}
  - {x: 45, y: 2.75194359, z: 41}
  - {x: 46, y: 2.63958907, z: 41}
  - {x: 47, y: 1.04015768, z: 41}
  - {x: 48, y: 1.2460928, z: 41}
  - {x: 49, y: .133078158, z: 41}
  - {x: 0, y: .316848695, z: 42}
  - {x: 1, y: .344383717, z: 42}
  - {x: 2, y: 1.18544078, z: 42}
  - {x: 3, y: .980571747, z: 42}
  - {x: 4, y: 1.36461723, z: 42}
  - {x: 5, y: 1.33342171, z: 42}
  - {x: 6, y: 2.17478013, z: 42}
  - {x: 7, y: 2.461025, z: 42}
  - {x: 8, y: 2.02086878, z: 42}
  - {x: 9, y: 1.51556206, z: 42}
  - {x: 10, y: .736127973, z: 42}
  - {x: 11, y: .145958483, z: 42}
  - {x: 12, y: .0721178055, z: 42}
  - {x: 13, y: .119929701, z: 42}
  - {x: 14, y: .265376925, z: 42}
  - {x: 15, y: .88192296, z: 42}
  - {x: 16, y: .366600484, z: 42}
  - {x: 17, y: .579957068, z: 42}
  - {x: 18, y: .42913872, z: 42}
  - {x: 19, y: 1.24079597, z: 42}
  - {x: 20, y: 1.65127456, z: 42}
  - {x: 21, y: 2.92650485, z: 42}
  - {x: 22, y: 4.90318584, z: 42}
  - {x: 23, y: 4.97974205, z: 42}
  - {x: 24, y: 4.20328665, z: 42}
  - {x: 25, y: 4.51105928, z: 42}
  - {x: 26, y: 4.59935284, z: 42}
  - {x: 27, y: 4.60742521, z: 42}
  - {x: 28, y: 4.81092358, z: 42}
  - {x: 29, y: 3.49171424, z: 42}
  - {x: 30, y: 4.47726631, z: 42}
  - {x: 31, y: 5.01103592, z: 42}
  - {x: 32, y: 5.5749321, z: 42}
  - {x: 33, y: 6.4980464, z: 42}
  - {x: 34, y: 5.66283512, z: 42}
  - {x: 35, y: 4.34337044, z: 42}
  - {x: 36, y: 4.93559647, z: 42}
  - {x: 37, y: 3.35355997, z: 42}
  - {x: 38, y: 3.83295679, z: 42}
  - {x: 39, y: 3.36231804, z: 42}
  - {x: 40, y: 3.46858692, z: 42}
  - {x: 41, y: 3.07809854, z: 42}
  - {x: 42, y: 1.17952299, z: 42}
  - {x: 43, y: 1.52509713, z: 42}
  - {x: 44, y: 1.35312486, z: 42}
  - {x: 45, y: 1.41398919, z: 42}
  - {x: 46, y: 2.16000676, z: 42}
  - {x: 47, y: .535038829, z: 42}
  - {x: 48, y: .232919276, z: 42}
  - {x: 49, y: 1.07043254, z: 42}
  - {x: 0, y: .745559633, z: 43}
  - {x: 1, y: 1.21864676, z: 43}
  - {x: 2, y: 1.64226007, z: 43}
  - {x: 3, y: 2.58105516, z: 43}
  - {x: 4, y: 2.72433472, z: 43}
  - {x: 5, y: 1.89216352, z: 43}
  - {x: 6, y: .974660039, z: 43}
  - {x: 7, y: .119414292, z: 43}
  - {x: 8, y: .188100666, z: 43}
  - {x: 9, y: .209658757, z: 43}
  - {x: 10, y: .0131107131, z: 43}
  - {x: 11, y: .417033583, z: 43}
  - {x: 12, y: .172461599, z: 43}
  - {x: 13, y: .25281769, z: 43}
  - {x: 14, y: .867157519, z: 43}
  - {x: 15, y: .156259909, z: 43}
  - {x: 16, y: .22645697, z: 43}
  - {x: 17, y: .699441493, z: 43}
  - {x: 18, y: .141841501, z: 43}
  - {x: 19, y: .315642625, z: 43}
  - {x: 20, y: 1.01972401, z: 43}
  - {x: 21, y: 2.75505519, z: 43}
  - {x: 22, y: 3.35056758, z: 43}
  - {x: 23, y: 2.66045809, z: 43}
  - {x: 24, y: 3.14851999, z: 43}
  - {x: 25, y: 3.3322165, z: 43}
  - {x: 26, y: 3.27932096, z: 43}
  - {x: 27, y: 4.07896423, z: 43}
  - {x: 28, y: 3.12640214, z: 43}
  - {x: 29, y: 2.69401836, z: 43}
  - {x: 30, y: 2.98669958, z: 43}
  - {x: 31, y: 3.12122536, z: 43}
  - {x: 32, y: 4.10352039, z: 43}
  - {x: 33, y: 5.12495136, z: 43}
  - {x: 34, y: 4.41838741, z: 43}
  - {x: 35, y: 4.18804836, z: 43}
  - {x: 36, y: 4.48832083, z: 43}
  - {x: 37, y: 3.4966383, z: 43}
  - {x: 38, y: 3.57907104, z: 43}
  - {x: 39, y: 3.14116049, z: 43}
  - {x: 40, y: 2.56546211, z: 43}
  - {x: 41, y: 1.30061853, z: 43}
  - {x: 42, y: .713315487, z: 43}
  - {x: 43, y: 1.35492826, z: 43}
  - {x: 44, y: 1.01200461, z: 43}
  - {x: 45, y: 1.45432055, z: 43}
  - {x: 46, y: .809111536, z: 43}
  - {x: 47, y: .54533565, z: 43}
  - {x: 48, y: 1.49662447, z: 43}
  - {x: 49, y: 1.16916895, z: 43}
  - {x: 0, y: 1.92783594, z: 44}
  - {x: 1, y: 2.03383827, z: 44}
  - {x: 2, y: 1.78402662, z: 44}
  - {x: 3, y: 2.68078279, z: 44}
  - {x: 4, y: 3.69836903, z: 44}
  - {x: 5, y: 1.59949303, z: 44}
  - {x: 6, y: .185833558, z: 44}
  - {x: 7, y: .101458989, z: 44}
  - {x: 8, y: .0019748786, z: 44}
  - {x: 9, y: .223706514, z: 44}
  - {x: 10, y: .0808020532, z: 44}
  - {x: 11, y: .416308284, z: 44}
  - {x: 12, y: .760850966, z: 44}
  - {x: 13, y: .0111982776, z: 44}
  - {x: 14, y: .947262883, z: 44}
  - {x: 15, y: .370298684, z: 44}
  - {x: 16, y: .130725399, z: 44}
  - {x: 17, y: .344135433, z: 44}
  - {x: 18, y: .726605177, z: 44}
  - {x: 19, y: .711605191, z: 44}
  - {x: 20, y: 1.211115, z: 44}
  - {x: 21, y: 2.00094271, z: 44}
  - {x: 22, y: 2.05958581, z: 44}
  - {x: 23, y: 1.84499133, z: 44}
  - {x: 24, y: 1.76404977, z: 44}
  - {x: 25, y: 1.99225414, z: 44}
  - {x: 26, y: 2.12505579, z: 44}
  - {x: 27, y: 2.99840331, z: 44}
  - {x: 28, y: 1.53336096, z: 44}
  - {x: 29, y: 1.32884967, z: 44}
  - {x: 30, y: 1.887694, z: 44}
  - {x: 31, y: 2.04275227, z: 44}
  - {x: 32, y: 2.659199, z: 44}
  - {x: 33, y: 3.27709866, z: 44}
  - {x: 34, y: 2.88646364, z: 44}
  - {x: 35, y: 3.16908264, z: 44}
  - {x: 36, y: 3.07855725, z: 44}
  - {x: 37, y: 2.82038212, z: 44}
  - {x: 38, y: 3.20269108, z: 44}
  - {x: 39, y: 2.44642544, z: 44}
  - {x: 40, y: 1.49639833, z: 44}
  - {x: 41, y: .710796177, z: 44}
  - {x: 42, y: .0959204137, z: 44}
  - {x: 43, y: .182850435, z: 44}
  - {x: 44, y: .423239201, z: 44}
  - {x: 45, y: 1.01485205, z: 44}
  - {x: 46, y: .87960726, z: 44}
  - {x: 47, y: .435769588, z: 44}
  - {x: 48, y: .728377163, z: 44}
  - {x: 49, y: 2.36598897, z: 44}
  - {x: 0, y: 3.62016582, z: 45}
  - {x: 1, y: 3.39640665, z: 45}
  - {x: 2, y: 1.76292193, z: 45}
  - {x: 3, y: 1.89521408, z: 45}
  - {x: 4, y: 2.18551779, z: 45}
  - {x: 5, y: 1.18158996, z: 45}
  - {x: 6, y: .210300326, z: 45}
  - {x: 7, y: .0913880318, z: 45}
  - {x: 8, y: .484695852, z: 45}
  - {x: 9, y: .750404119, z: 45}
  - {x: 10, y: .290647298, z: 45}
  - {x: 11, y: 1.08051538, z: 45}
  - {x: 12, y: 1.84840453, z: 45}
  - {x: 13, y: 1.28021264, z: 45}
  - {x: 14, y: .172326788, z: 45}
  - {x: 15, y: .642694831, z: 45}
  - {x: 16, y: .412326097, z: 45}
  - {x: 17, y: .619414985, z: 45}
  - {x: 18, y: .675285101, z: 45}
  - {x: 19, y: 1.03260326, z: 45}
  - {x: 20, y: 1.32281005, z: 45}
  - {x: 21, y: 1.02396357, z: 45}
  - {x: 22, y: 1.41537774, z: 45}
  - {x: 23, y: 1.71989501, z: 45}
  - {x: 24, y: 1.32696128, z: 45}
  - {x: 25, y: 1.69540107, z: 45}
  - {x: 26, y: 1.86335659, z: 45}
  - {x: 27, y: 1.51338947, z: 45}
  - {x: 28, y: 1.26287162, z: 45}
  - {x: 29, y: 2.16885757, z: 45}
  - {x: 30, y: 2.46551943, z: 45}
  - {x: 31, y: 2.56926918, z: 45}
  - {x: 32, y: 2.11125278, z: 45}
  - {x: 33, y: 2.40275502, z: 45}
  - {x: 34, y: 3.48263121, z: 45}
  - {x: 35, y: 3.34283352, z: 45}
  - {x: 36, y: 3.27031755, z: 45}
  - {x: 37, y: 2.95288301, z: 45}
  - {x: 38, y: 2.82914543, z: 45}
  - {x: 39, y: 2.33905721, z: 45}
  - {x: 40, y: 1.28462005, z: 45}
  - {x: 41, y: .946557641, z: 45}
  - {x: 42, y: .252402812, z: 45}
  - {x: 43, y: .0309449732, z: 45}
  - {x: 44, y: .173693508, z: 45}
  - {x: 45, y: .948157609, z: 45}
  - {x: 46, y: 1.36012101, z: 45}
  - {x: 47, y: 1.00562906, z: 45}
  - {x: 48, y: 1.55661178, z: 45}
  - {x: 49, y: 2.38410759, z: 45}
  - {x: 0, y: 3.72722292, z: 46}
  - {x: 1, y: 3.13544631, z: 46}
  - {x: 2, y: 2.40434217, z: 46}
  - {x: 3, y: 2.7240057, z: 46}
  - {x: 4, y: 1.93184912, z: 46}
  - {x: 5, y: 2.05284309, z: 46}
  - {x: 6, y: .521641135, z: 46}
  - {x: 7, y: .0444573089, z: 46}
  - {x: 8, y: .344249636, z: 46}
  - {x: 9, y: .532759368, z: 46}
  - {x: 10, y: 1.24624634, z: 46}
  - {x: 11, y: 1.03143871, z: 46}
  - {x: 12, y: 2.21074629, z: 46}
  - {x: 13, y: 2.05749702, z: 46}
  - {x: 14, y: 1.13794184, z: 46}
  - {x: 15, y: .728548706, z: 46}
  - {x: 16, y: 1.28111434, z: 46}
  - {x: 17, y: 1.65576315, z: 46}
  - {x: 18, y: .939425826, z: 46}
  - {x: 19, y: 1.41076612, z: 46}
  - {x: 20, y: 1.89198363, z: 46}
  - {x: 21, y: 1.8688308, z: 46}
  - {x: 22, y: 1.1631186, z: 46}
  - {x: 23, y: .9973979, z: 46}
  - {x: 24, y: .770405829, z: 46}
  - {x: 25, y: .745134652, z: 46}
  - {x: 26, y: 1.14239419, z: 46}
  - {x: 27, y: 1.30716634, z: 46}
  - {x: 28, y: 1.00253201, z: 46}
  - {x: 29, y: 2.0288198, z: 46}
  - {x: 30, y: 2.67427921, z: 46}
  - {x: 31, y: 2.26340246, z: 46}
  - {x: 32, y: 1.75711167, z: 46}
  - {x: 33, y: 2.16435766, z: 46}
  - {x: 34, y: 2.74173141, z: 46}
  - {x: 35, y: 3.47360277, z: 46}
  - {x: 36, y: 4.04060555, z: 46}
  - {x: 37, y: 4.14121199, z: 46}
  - {x: 38, y: 2.86712027, z: 46}
  - {x: 39, y: 1.96483564, z: 46}
  - {x: 40, y: 1.62227178, z: 46}
  - {x: 41, y: 2.30827451, z: 46}
  - {x: 42, y: 1.81937242, z: 46}
  - {x: 43, y: .407556176, z: 46}
  - {x: 44, y: .544466317, z: 46}
  - {x: 45, y: .738102317, z: 46}
  - {x: 46, y: 1.18574524, z: 46}
  - {x: 47, y: 1.09409773, z: 46}
  - {x: 48, y: 2.15288448, z: 46}
  - {x: 49, y: 2.99652004, z: 46}
  - {x: 0, y: 4.3491292, z: 47}
  - {x: 1, y: 3.16123772, z: 47}
  - {x: 2, y: 2.5805831, z: 47}
  - {x: 3, y: 1.92574883, z: 47}
  - {x: 4, y: 1.69302285, z: 47}
  - {x: 5, y: 1.78901696, z: 47}
  - {x: 6, y: 1.03441906, z: 47}
  - {x: 7, y: .755673289, z: 47}
  - {x: 8, y: .530845821, z: 47}
  - {x: 9, y: 1.41520607, z: 47}
  - {x: 10, y: 2.68159246, z: 47}
  - {x: 11, y: 2.11167836, z: 47}
  - {x: 12, y: 1.31991863, z: 47}
  - {x: 13, y: 1.32136035, z: 47}
  - {x: 14, y: .699751854, z: 47}
  - {x: 15, y: .267958939, z: 47}
  - {x: 16, y: .371071845, z: 47}
  - {x: 17, y: .389874756, z: 47}
  - {x: 18, y: .375209153, z: 47}
  - {x: 19, y: 2.87431598, z: 47}
  - {x: 20, y: 2.67322636, z: 47}
  - {x: 21, y: 2.96160555, z: 47}
  - {x: 22, y: 1.2476666, z: 47}
  - {x: 23, y: 1.01141953, z: 47}
  - {x: 24, y: .843836069, z: 47}
  - {x: 25, y: .120677754, z: 47}
  - {x: 26, y: .474400342, z: 47}
  - {x: 27, y: 1.15919387, z: 47}
  - {x: 28, y: 1.08340192, z: 47}
  - {x: 29, y: 1.91156316, z: 47}
  - {x: 30, y: 2.10689974, z: 47}
  - {x: 31, y: 1.91210377, z: 47}
  - {x: 32, y: 1.1667819, z: 47}
  - {x: 33, y: 2.21273589, z: 47}
  - {x: 34, y: 3.50267291, z: 47}
  - {x: 35, y: 4.21766996, z: 47}
  - {x: 36, y: 5.04934311, z: 47}
  - {x: 37, y: 4.48960352, z: 47}
  - {x: 38, y: 3.02969933, z: 47}
  - {x: 39, y: 2.12550902, z: 47}
  - {x: 40, y: 2.16955423, z: 47}
  - {x: 41, y: 2.2195766, z: 47}
  - {x: 42, y: 1.98747039, z: 47}
  - {x: 43, y: .807371438, z: 47}
  - {x: 44, y: 1.15842474, z: 47}
  - {x: 45, y: 2.04271221, z: 47}
  - {x: 46, y: 1.60818231, z: 47}
  - {x: 47, y: 2.51780796, z: 47}
  - {x: 48, y: 3.02555299, z: 47}
  - {x: 49, y: 3.24924755, z: 47}
  - {x: 0, y: 5.53133965, z: 48}
  - {x: 1, y: 3.88881874, z: 48}
  - {x: 2, y: 4.07856178, z: 48}
  - {x: 3, y: 2.9084053, z: 48}
  - {x: 4, y: 2.2653296, z: 48}
  - {x: 5, y: 2.51662159, z: 48}
  - {x: 6, y: 2.01201701, z: 48}
  - {x: 7, y: 1.79978871, z: 48}
  - {x: 8, y: 2.29271483, z: 48}
  - {x: 9, y: 3.26993346, z: 48}
  - {x: 10, y: 3.8581953, z: 48}
  - {x: 11, y: 3.13672781, z: 48}
  - {x: 12, y: 1.98902905, z: 48}
  - {x: 13, y: 1.60640585, z: 48}
  - {x: 14, y: .672777653, z: 48}
  - {x: 15, y: .100827277, z: 48}
  - {x: 16, y: .0227823108, z: 48}
  - {x: 17, y: .469886482, z: 48}
  - {x: 18, y: 2.20659423, z: 48}
  - {x: 19, y: 3.68149662, z: 48}
  - {x: 20, y: 3.67986107, z: 48}
  - {x: 21, y: 3.27939153, z: 48}
  - {x: 22, y: 2.3026588, z: 48}
  - {x: 23, y: 1.59937727, z: 48}
  - {x: 24, y: 1.03060257, z: 48}
  - {x: 25, y: .0346825868, z: 48}
  - {x: 26, y: .406885266, z: 48}
  - {x: 27, y: 1.18726218, z: 48}
  - {x: 28, y: 1.28865767, z: 48}
  - {x: 29, y: .793978274, z: 48}
  - {x: 30, y: 3.04965949, z: 48}
  - {x: 31, y: 2.34841251, z: 48}
  - {x: 32, y: 1.41243458, z: 48}
  - {x: 33, y: 1.74736321, z: 48}
  - {x: 34, y: 3.89342809, z: 48}
  - {x: 35, y: 5.11706781, z: 48}
  - {x: 36, y: 4.77630424, z: 48}
  - {x: 37, y: 4.12561464, z: 48}
  - {x: 38, y: 2.89528799, z: 48}
  - {x: 39, y: 2.15436983, z: 48}
  - {x: 40, y: 2.24628472, z: 48}
  - {x: 41, y: 2.12452197, z: 48}
  - {x: 42, y: 2.32916141, z: 48}
  - {x: 43, y: .845459759, z: 48}
  - {x: 44, y: .366927207, z: 48}
  - {x: 45, y: 1.83564162, z: 48}
  - {x: 46, y: 2.82676315, z: 48}
  - {x: 47, y: 2.62725949, z: 48}
  - {x: 48, y: 3.85043836, z: 48}
  - {x: 49, y: 3.10964561, z: 48}
  - {x: 0, y: 5.78306913, z: 49}
  - {x: 1, y: 4.27457762, z: 49}
  - {x: 2, y: 3.61311436, z: 49}
  - {x: 3, y: 2.91882658, z: 49}
  - {x: 4, y: 2.54628849, z: 49}
  - {x: 5, y: 2.36896658, z: 49}
  - {x: 6, y: 2.94693255, z: 49}
  - {x: 7, y: 2.28591657, z: 49}
  - {x: 8, y: 3.63168764, z: 49}
  - {x: 9, y: 5.00036764, z: 49}
  - {x: 10, y: 4.44480515, z: 49}
  - {x: 11, y: 3.97048092, z: 49}
  - {x: 12, y: 3.14242411, z: 49}
  - {x: 13, y: 2.39584875, z: 49}
  - {x: 14, y: .814873219, z: 49}
  - {x: 15, y: .742068768, z: 49}
  - {x: 16, y: .866655588, z: 49}
  - {x: 17, y: .674003243, z: 49}
  - {x: 18, y: 2.50246334, z: 49}
  - {x: 19, y: 3.1624465, z: 49}
  - {x: 20, y: 3.90218019, z: 49}
  - {x: 21, y: 4.06091547, z: 49}
  - {x: 22, y: 3.4405508, z: 49}
  - {x: 23, y: 2.12367845, z: 49}
  - {x: 24, y: .852064967, z: 49}
  - {x: 25, y: .00351650361, z: 49}
  - {x: 26, y: .128472015, z: 49}
  - {x: 27, y: .907905698, z: 49}
  - {x: 28, y: .740129054, z: 49}
  - {x: 29, y: 1.39774323, z: 49}
  - {x: 30, y: 2.85786843, z: 49}
  - {x: 31, y: 2.56133294, z: 49}
  - {x: 32, y: 2.39975071, z: 49}
  - {x: 33, y: 2.03171825, z: 49}
  - {x: 34, y: 2.9928546, z: 49}
  - {x: 35, y: 3.90926361, z: 49}
  - {x: 36, y: 3.83325076, z: 49}
  - {x: 37, y: 3.65853095, z: 49}
  - {x: 38, y: 3.5818305, z: 49}
  - {x: 39, y: 2.35354209, z: 49}
  - {x: 40, y: 3.00793529, z: 49}
  - {x: 41, y: 2.07537484, z: 49}
  - {x: 42, y: 2.12602043, z: 49}
  - {x: 43, y: 1.33262563, z: 49}
  - {x: 44, y: .420840919, z: 49}
  - {x: 45, y: 1.17483985, z: 49}
  - {x: 46, y: 1.12652373, z: 49}
  - {x: 47, y: 2.10436773, z: 49}
  - {x: 48, y: 3.17470217, z: 49}
  - {x: 49, y: 3.56550241, z: 49}
  heightScale: 10
  scale: 10
  H: .920000017
  octaves: 8
  offset: .80000000000000004
  gain: 97.269999999999996
  lacunarity: 2
--- !u!4 &710311533
Transform:
  m_ObjectHideFlags: 0
  m_PrefabParentObject: {fileID: 0}
  m_PrefabInternal: {fileID: 0}
  m_GameObject: {fileID: 710311531}
  m_LocalRotation: {x: 0, y: 0, z: 0, w: 1}
  m_LocalPosition: {x: 0, y: -13, z: 10}
  m_LocalScale: {x: 1, y: 1, z: 1}
  m_Children: []
  m_Father: {fileID: 1436930606}
  m_RootOrder: 0
--- !u!1 &1436930601
GameObject:
  m_ObjectHideFlags: 0
  m_PrefabParentObject: {fileID: 0}
  m_PrefabInternal: {fileID: 0}
  serializedVersion: 4
  m_Component:
  - 4: {fileID: 1436930606}
  - 20: {fileID: 1436930605}
  - 92: {fileID: 1436930604}
  - 124: {fileID: 1436930603}
  - 81: {fileID: 1436930602}
  - 114: {fileID: 1436930607}
  m_Layer: 0
  m_Name: Main Camera
  m_TagString: MainCamera
  m_Icon: {fileID: 0}
  m_NavMeshLayer: 0
  m_StaticEditorFlags: 0
  m_IsActive: 1
--- !u!81 &1436930602
AudioListener:
  m_ObjectHideFlags: 0
  m_PrefabParentObject: {fileID: 0}
  m_PrefabInternal: {fileID: 0}
  m_GameObject: {fileID: 1436930601}
  m_Enabled: 1
--- !u!124 &1436930603
Behaviour:
  m_ObjectHideFlags: 0
  m_PrefabParentObject: {fileID: 0}
  m_PrefabInternal: {fileID: 0}
  m_GameObject: {fileID: 1436930601}
  m_Enabled: 1
--- !u!92 &1436930604
Behaviour:
  m_ObjectHideFlags: 0
  m_PrefabParentObject: {fileID: 0}
  m_PrefabInternal: {fileID: 0}
  m_GameObject: {fileID: 1436930601}
  m_Enabled: 1
--- !u!20 &1436930605
Camera:
  m_ObjectHideFlags: 0
  m_PrefabParentObject: {fileID: 0}
  m_PrefabInternal: {fileID: 0}
  m_GameObject: {fileID: 1436930601}
  m_Enabled: 1
  serializedVersion: 2
  m_ClearFlags: 1
  m_BackGroundColor: {r: .192156866, g: .301960796, b: .474509805, a: .0196078438}
  m_NormalizedViewPortRect:
    serializedVersion: 2
    x: 0
    y: 0
    width: 1
    height: 1
  near clip plane: .300000012
  far clip plane: 1000
  field of view: 60
  orthographic: 0
  orthographic size: 5
  m_Depth: -1
  m_CullingMask:
    serializedVersion: 2
    m_Bits: 4294967295
  m_RenderingPath: -1
  m_TargetTexture: {fileID: 0}
  m_TargetDisplay: 0
  m_HDR: 0
  m_OcclusionCulling: 1
  m_StereoConvergence: 10
  m_StereoSeparation: .0219999999
  m_StereoMirrorMode: 0
--- !u!4 &1436930606
Transform:
  m_ObjectHideFlags: 0
  m_PrefabParentObject: {fileID: 0}
  m_PrefabInternal: {fileID: 0}
  m_GameObject: {fileID: 1436930601}
  m_LocalRotation: {x: 0, y: 0, z: 0, w: 1}
  m_LocalPosition: {x: 0, y: 13, z: -10}
  m_LocalScale: {x: 1, y: 1, z: 1}
  m_Children:
  - {fileID: 710311533}
  m_Father: {fileID: 0}
  m_RootOrder: 0
--- !u!114 &1436930607
MonoBehaviour:
  m_ObjectHideFlags: 0
  m_PrefabParentObject: {fileID: 0}
  m_PrefabInternal: {fileID: 0}
  m_GameObject: {fileID: 1436930601}
  m_Enabled: 1
  m_EditorHideFlags: 0
  m_Script: {fileID: 11500000, guid: 5376ba4ce63c746029e19ec894d1b12f, type: 3}
  m_Name: 
  m_EditorClassIdentifier: 
  speed: 20
