%YAML 1.1
%TAG !u! tag:unity3d.com,2011:
--- !u!29 &1
SceneSettings:
  m_ObjectHideFlags: 0
  m_PVSData: 
  m_PVSObjectsArray: []
  m_PVSPortalsArray: []
  m_OcclusionBakeSettings:
    smallestOccluder: 5
    smallestHole: .25
    backfaceThreshold: 100
--- !u!104 &2
RenderSettings:
  m_ObjectHideFlags: 0
  serializedVersion: 6
  m_Fog: 0
  m_FogColor: {r: .5, g: .5, b: .5, a: 1}
  m_FogMode: 3
  m_FogDensity: .00999999978
  m_LinearFogStart: 0
  m_LinearFogEnd: 300
  m_AmbientSkyColor: {r: .211999997, g: .226999998, b: .259000003, a: 1}
  m_AmbientEquatorColor: {r: .114, g: .125, b: .133000001, a: 1}
  m_AmbientGroundColor: {r: .0469999984, g: .0430000015, b: .0350000001, a: 1}
  m_AmbientIntensity: 1
  m_AmbientMode: 0
  m_SkyboxMaterial: {fileID: 10304, guid: 0000000000000000f000000000000000, type: 0}
  m_HaloStrength: .5
  m_FlareStrength: 1
  m_FlareFadeSpeed: 3
  m_HaloTexture: {fileID: 0}
  m_SpotCookie: {fileID: 10001, guid: 0000000000000000e000000000000000, type: 0}
  m_DefaultReflectionMode: 0
  m_DefaultReflectionResolution: 128
  m_ReflectionBounces: 1
  m_ReflectionIntensity: 1
  m_CustomReflection: {fileID: 0}
  m_Sun: {fileID: 0}
--- !u!127 &3
LevelGameManager:
  m_ObjectHideFlags: 0
--- !u!157 &4
LightmapSettings:
  m_ObjectHideFlags: 0
  serializedVersion: 5
  m_GIWorkflowMode: 0
  m_LightmapsMode: 1
  m_GISettings:
    serializedVersion: 2
    m_BounceScale: 1
    m_IndirectOutputScale: 1
    m_AlbedoBoost: 1
    m_TemporalCoherenceThreshold: 1
    m_EnvironmentLightingMode: 0
    m_EnableBakedLightmaps: 1
    m_EnableRealtimeLightmaps: 1
  m_LightmapEditorSettings:
    serializedVersion: 3
    m_Resolution: 2
    m_BakeResolution: 40
    m_TextureWidth: 1024
    m_TextureHeight: 1024
    m_AOMaxDistance: 1
    m_Padding: 2
    m_CompAOExponent: 0
    m_LightmapParameters: {fileID: 0}
    m_TextureCompression: 1
    m_FinalGather: 0
    m_FinalGatherRayCount: 1024
  m_LightmapSnapshot: {fileID: 0}
  m_RuntimeCPUUsage: 25
--- !u!196 &5
NavMeshSettings:
  serializedVersion: 2
  m_ObjectHideFlags: 0
  m_BuildSettings:
    serializedVersion: 2
    agentRadius: .5
    agentHeight: 2
    agentSlope: 45
    agentClimb: .400000006
    ledgeDropHeight: 0
    maxJumpAcrossDistance: 0
    accuratePlacement: 0
    minRegionArea: 2
    cellSize: .166666672
    manualCellSize: 0
  m_NavMeshData: {fileID: 0}
--- !u!1 &61357236
GameObject:
  m_ObjectHideFlags: 0
  m_PrefabParentObject: {fileID: 100000, guid: 86430a30b5ea040ac93a6ef09bf7bd62, type: 3}
  m_PrefabInternal: {fileID: 1296543020}
  serializedVersion: 4
  m_Component:
  - 4: {fileID: 61357241}
  - 33: {fileID: 61357240}
  - 23: {fileID: 61357239}
  - 95: {fileID: 61357238}
  - 114: {fileID: 61357237}
  m_Layer: 0
  m_Name: testMayaMesh3
  m_TagString: Untagged
  m_Icon: {fileID: 0}
  m_NavMeshLayer: 0
  m_StaticEditorFlags: 0
  m_IsActive: 1
--- !u!114 &61357237
MonoBehaviour:
  m_ObjectHideFlags: 0
  m_PrefabParentObject: {fileID: 0}
  m_PrefabInternal: {fileID: 0}
  m_GameObject: {fileID: 61357236}
  m_Enabled: 1
  m_EditorHideFlags: 0
  m_Script: {fileID: 11500000, guid: d348249335d4140689d0602215a4c4f6, type: 3}
  m_Name: 
  m_EditorClassIdentifier: 
--- !u!95 &61357238
Animator:
  serializedVersion: 3
  m_ObjectHideFlags: 0
  m_PrefabParentObject: {fileID: 9500000, guid: 86430a30b5ea040ac93a6ef09bf7bd62,
    type: 3}
  m_PrefabInternal: {fileID: 1296543020}
  m_GameObject: {fileID: 61357236}
  m_Enabled: 1
  m_Avatar: {fileID: 9000000, guid: 86430a30b5ea040ac93a6ef09bf7bd62, type: 3}
  m_Controller: {fileID: 0}
  m_CullingMode: 0
  m_UpdateMode: 0
  m_ApplyRootMotion: 0
  m_LinearVelocityBlending: 0
  m_WarningMessage: 
  m_HasTransformHierarchy: 1
  m_AllowConstantClipSamplingOptimization: 1
--- !u!23 &61357239
MeshRenderer:
  m_ObjectHideFlags: 0
  m_PrefabParentObject: {fileID: 2300000, guid: 86430a30b5ea040ac93a6ef09bf7bd62,
    type: 3}
  m_PrefabInternal: {fileID: 1296543020}
  m_GameObject: {fileID: 61357236}
  m_Enabled: 1
  m_CastShadows: 1
  m_ReceiveShadows: 1
  m_Materials:
  - {fileID: 2100000, guid: 575db3c2a5a994ae0bd1a2c89c07186e, type: 2}
  m_SubsetIndices: 
  m_StaticBatchRoot: {fileID: 0}
  m_UseLightProbes: 1
  m_ReflectionProbeUsage: 1
  m_ProbeAnchor: {fileID: 0}
  m_ScaleInLightmap: 1
  m_PreserveUVs: 0
  m_ImportantGI: 0
  m_AutoUVMaxDistance: .5
  m_AutoUVMaxAngle: 89
  m_LightmapParameters: {fileID: 0}
  m_SortingLayerID: 0
  m_SortingOrder: 0
--- !u!33 &61357240
MeshFilter:
  m_ObjectHideFlags: 0
  m_PrefabParentObject: {fileID: 3300000, guid: 86430a30b5ea040ac93a6ef09bf7bd62,
    type: 3}
  m_PrefabInternal: {fileID: 1296543020}
  m_GameObject: {fileID: 61357236}
  m_Mesh: {fileID: 4300000, guid: 86430a30b5ea040ac93a6ef09bf7bd62, type: 3}
--- !u!4 &61357241
Transform:
  m_ObjectHideFlags: 0
  m_PrefabParentObject: {fileID: 400000, guid: 86430a30b5ea040ac93a6ef09bf7bd62, type: 3}
  m_PrefabInternal: {fileID: 1296543020}
  m_GameObject: {fileID: 61357236}
  m_LocalRotation: {x: 0, y: 0, z: 0, w: 1}
  m_LocalPosition: {x: .0286999997, y: 0, z: -.000300000014}
  m_LocalScale: {x: 1, y: 1, z: 1}
  m_Children: []
  m_Father: {fileID: 0}
  m_RootOrder: 4
--- !u!1 &439684634
GameObject:
  m_ObjectHideFlags: 0
  m_PrefabParentObject: {fileID: 0}
  m_PrefabInternal: {fileID: 0}
  serializedVersion: 4
  m_Component:
  - 4: {fileID: 439684639}
  - 20: {fileID: 439684638}
  - 92: {fileID: 439684637}
  - 124: {fileID: 439684636}
  - 81: {fileID: 439684635}
  m_Layer: 0
  m_Name: Main Camera
  m_TagString: MainCamera
  m_Icon: {fileID: 0}
  m_NavMeshLayer: 0
  m_StaticEditorFlags: 0
  m_IsActive: 1
--- !u!81 &439684635
AudioListener:
  m_ObjectHideFlags: 0
  m_PrefabParentObject: {fileID: 0}
  m_PrefabInternal: {fileID: 0}
  m_GameObject: {fileID: 439684634}
  m_Enabled: 1
--- !u!124 &439684636
Behaviour:
  m_ObjectHideFlags: 0
  m_PrefabParentObject: {fileID: 0}
  m_PrefabInternal: {fileID: 0}
  m_GameObject: {fileID: 439684634}
  m_Enabled: 1
--- !u!92 &439684637
Behaviour:
  m_ObjectHideFlags: 0
  m_PrefabParentObject: {fileID: 0}
  m_PrefabInternal: {fileID: 0}
  m_GameObject: {fileID: 439684634}
  m_Enabled: 1
--- !u!20 &439684638
Camera:
  m_ObjectHideFlags: 0
  m_PrefabParentObject: {fileID: 0}
  m_PrefabInternal: {fileID: 0}
  m_GameObject: {fileID: 439684634}
  m_Enabled: 1
  serializedVersion: 2
  m_ClearFlags: 1
  m_BackGroundColor: {r: .192156866, g: .301960796, b: .474509805, a: .0196078438}
  m_NormalizedViewPortRect:
    serializedVersion: 2
    x: 0
    y: 0
    width: 1
    height: 1
  near clip plane: .100000001
  far clip plane: 1000
  field of view: 60
  orthographic: 0
  orthographic size: 5
  m_Depth: -1
  m_CullingMask:
    serializedVersion: 2
    m_Bits: 4294967295
  m_RenderingPath: -1
  m_TargetTexture: {fileID: 0}
  m_TargetDisplay: 0
  m_HDR: 0
  m_OcclusionCulling: 1
  m_StereoConvergence: 10
  m_StereoSeparation: .0219999999
  m_StereoMirrorMode: 0
--- !u!4 &439684639
Transform:
  m_ObjectHideFlags: 0
  m_PrefabParentObject: {fileID: 0}
  m_PrefabInternal: {fileID: 0}
  m_GameObject: {fileID: 439684634}
  m_LocalRotation: {x: .471567065, y: 0, z: 0, w: .881830275}
  m_LocalPosition: {x: -.0289999992, y: 1, z: -9.56299973}
  m_LocalScale: {x: 1, y: 1, z: 1}
  m_Children: []
  m_Father: {fileID: 0}
  m_RootOrder: 1
--- !u!1001 &497648227
Prefab:
  m_ObjectHideFlags: 0
  serializedVersion: 2
  m_Modification:
    m_TransformParent: {fileID: 0}
    m_Modifications:
    - target: {fileID: 400000, guid: 89b7e521149e0494f84e977411376564, type: 3}
      propertyPath: m_LocalPosition.x
      value: .0157496594
      objectReference: {fileID: 0}
    - target: {fileID: 400000, guid: 89b7e521149e0494f84e977411376564, type: 3}
      propertyPath: m_LocalPosition.y
      value: 0
      objectReference: {fileID: 0}
    - target: {fileID: 400000, guid: 89b7e521149e0494f84e977411376564, type: 3}
      propertyPath: m_LocalPosition.z
      value: -.0304267742
      objectReference: {fileID: 0}
    - target: {fileID: 400000, guid: 89b7e521149e0494f84e977411376564, type: 3}
      propertyPath: m_LocalRotation.x
      value: 0
      objectReference: {fileID: 0}
    - target: {fileID: 400000, guid: 89b7e521149e0494f84e977411376564, type: 3}
      propertyPath: m_LocalRotation.y
      value: 0
      objectReference: {fileID: 0}
    - target: {fileID: 400000, guid: 89b7e521149e0494f84e977411376564, type: 3}
      propertyPath: m_LocalRotation.z
      value: 0
      objectReference: {fileID: 0}
    - target: {fileID: 400000, guid: 89b7e521149e0494f84e977411376564, type: 3}
      propertyPath: m_LocalRotation.w
      value: 1
      objectReference: {fileID: 0}
    - target: {fileID: 400000, guid: 89b7e521149e0494f84e977411376564, type: 3}
      propertyPath: m_RootOrder
      value: 0
      objectReference: {fileID: 0}
    m_RemovedComponents: []
  m_ParentPrefab: {fileID: 100100000, guid: 89b7e521149e0494f84e977411376564, type: 3}
  m_RootGameObject: {fileID: 497648228}
  m_IsPrefabParent: 0
--- !u!1 &497648228
GameObject:
  m_ObjectHideFlags: 0
  m_PrefabParentObject: {fileID: 100000, guid: 89b7e521149e0494f84e977411376564, type: 3}
  m_PrefabInternal: {fileID: 497648227}
  serializedVersion: 4
  m_Component:
  - 4: {fileID: 497648233}
  - 33: {fileID: 497648232}
  - 23: {fileID: 497648231}
  - 95: {fileID: 497648230}
  - 114: {fileID: 497648229}
  m_Layer: 0
  m_Name: testMayaMesh4
  m_TagString: Untagged
  m_Icon: {fileID: 0}
  m_NavMeshLayer: 0
  m_StaticEditorFlags: 0
  m_IsActive: 1
--- !u!114 &497648229
MonoBehaviour:
  m_ObjectHideFlags: 0
  m_PrefabParentObject: {fileID: 0}
  m_PrefabInternal: {fileID: 0}
  m_GameObject: {fileID: 497648228}
  m_Enabled: 1
  m_EditorHideFlags: 0
  m_Script: {fileID: 11500000, guid: d348249335d4140689d0602215a4c4f6, type: 3}
  m_Name: 
  m_EditorClassIdentifier: 
--- !u!95 &497648230
Animator:
  serializedVersion: 3
  m_ObjectHideFlags: 0
  m_PrefabParentObject: {fileID: 9500000, guid: 89b7e521149e0494f84e977411376564,
    type: 3}
  m_PrefabInternal: {fileID: 497648227}
  m_GameObject: {fileID: 497648228}
  m_Enabled: 1
  m_Avatar: {fileID: 9000000, guid: 89b7e521149e0494f84e977411376564, type: 3}
  m_Controller: {fileID: 0}
  m_CullingMode: 0
  m_UpdateMode: 0
  m_ApplyRootMotion: 0
  m_LinearVelocityBlending: 0
  m_WarningMessage: 
  m_HasTransformHierarchy: 1
  m_AllowConstantClipSamplingOptimization: 1
--- !u!23 &497648231
MeshRenderer:
  m_ObjectHideFlags: 0
  m_PrefabParentObject: {fileID: 2300000, guid: 89b7e521149e0494f84e977411376564,
    type: 3}
  m_PrefabInternal: {fileID: 497648227}
  m_GameObject: {fileID: 497648228}
  m_Enabled: 1
  m_CastShadows: 1
  m_ReceiveShadows: 1
  m_Materials:
  - {fileID: 2100000, guid: 575db3c2a5a994ae0bd1a2c89c07186e, type: 2}
  m_SubsetIndices: 
  m_StaticBatchRoot: {fileID: 0}
  m_UseLightProbes: 1
  m_ReflectionProbeUsage: 1
  m_ProbeAnchor: {fileID: 0}
  m_ScaleInLightmap: 1
  m_PreserveUVs: 0
  m_ImportantGI: 0
  m_AutoUVMaxDistance: .5
  m_AutoUVMaxAngle: 89
  m_LightmapParameters: {fileID: 0}
  m_SortingLayerID: 0
  m_SortingOrder: 0
--- !u!33 &497648232
MeshFilter:
  m_ObjectHideFlags: 0
  m_PrefabParentObject: {fileID: 3300000, guid: 89b7e521149e0494f84e977411376564,
    type: 3}
  m_PrefabInternal: {fileID: 497648227}
  m_GameObject: {fileID: 497648228}
  m_Mesh: {fileID: 4300000, guid: 89b7e521149e0494f84e977411376564, type: 3}
--- !u!4 &497648233
Transform:
  m_ObjectHideFlags: 0
  m_PrefabParentObject: {fileID: 400000, guid: 89b7e521149e0494f84e977411376564, type: 3}
  m_PrefabInternal: {fileID: 497648227}
  m_GameObject: {fileID: 497648228}
  m_LocalRotation: {x: 0, y: 0, z: 0, w: 1}
  m_LocalPosition: {x: .0157496594, y: 0, z: -.0304267742}
  m_LocalScale: {x: 1, y: 1, z: 1}
  m_Children: []
  m_Father: {fileID: 0}
  m_RootOrder: 0
--- !u!1001 &810731610
Prefab:
  m_ObjectHideFlags: 0
  serializedVersion: 2
  m_Modification:
    m_TransformParent: {fileID: 0}
    m_Modifications:
    - target: {fileID: 400000, guid: 2e85bf08d3a3a4889b8c3600111f1548, type: 3}
      propertyPath: m_LocalPosition.x
      value: .000490448147
      objectReference: {fileID: 0}
    - target: {fileID: 400000, guid: 2e85bf08d3a3a4889b8c3600111f1548, type: 3}
      propertyPath: m_LocalPosition.y
      value: 0
      objectReference: {fileID: 0}
    - target: {fileID: 400000, guid: 2e85bf08d3a3a4889b8c3600111f1548, type: 3}
      propertyPath: m_LocalPosition.z
      value: -5.42071684e-05
      objectReference: {fileID: 0}
    - target: {fileID: 400000, guid: 2e85bf08d3a3a4889b8c3600111f1548, type: 3}
      propertyPath: m_LocalRotation.x
      value: 0
      objectReference: {fileID: 0}
    - target: {fileID: 400000, guid: 2e85bf08d3a3a4889b8c3600111f1548, type: 3}
      propertyPath: m_LocalRotation.y
      value: 0
      objectReference: {fileID: 0}
    - target: {fileID: 400000, guid: 2e85bf08d3a3a4889b8c3600111f1548, type: 3}
      propertyPath: m_LocalRotation.z
      value: 0
      objectReference: {fileID: 0}
    - target: {fileID: 400000, guid: 2e85bf08d3a3a4889b8c3600111f1548, type: 3}
      propertyPath: m_LocalRotation.w
      value: 1
      objectReference: {fileID: 0}
    - target: {fileID: 400000, guid: 2e85bf08d3a3a4889b8c3600111f1548, type: 3}
      propertyPath: m_RootOrder
      value: 2
      objectReference: {fileID: 0}
    m_RemovedComponents:
    - {fileID: 9500000, guid: 2e85bf08d3a3a4889b8c3600111f1548, type: 3}
  m_ParentPrefab: {fileID: 100100000, guid: 2e85bf08d3a3a4889b8c3600111f1548, type: 3}
  m_RootGameObject: {fileID: 1506290754}
  m_IsPrefabParent: 0
--- !u!1 &1278457786
GameObject:
  m_ObjectHideFlags: 0
  m_PrefabParentObject: {fileID: 0}
  m_PrefabInternal: {fileID: 0}
  serializedVersion: 4
  m_Component:
  - 4: {fileID: 1278457788}
  - 108: {fileID: 1278457787}
  m_Layer: 0
  m_Name: Directional Light
  m_TagString: Untagged
  m_Icon: {fileID: 0}
  m_NavMeshLayer: 0
  m_StaticEditorFlags: 0
  m_IsActive: 1
--- !u!108 &1278457787
Light:
  m_ObjectHideFlags: 0
  m_PrefabParentObject: {fileID: 0}
  m_PrefabInternal: {fileID: 0}
  m_GameObject: {fileID: 1278457786}
  m_Enabled: 1
  serializedVersion: 6
  m_Type: 1
  m_Color: {r: 1, g: .956862748, b: .839215696, a: 1}
  m_Intensity: 1
  m_Range: 10
  m_SpotAngle: 30
  m_CookieSize: 10
  m_Shadows:
    m_Type: 2
    m_Resolution: -1
    m_Strength: 1
    m_Bias: .0500000007
    m_NormalBias: .400000006
  m_Cookie: {fileID: 0}
  m_DrawHalo: 0
  m_Flare: {fileID: 0}
  m_RenderMode: 0
  m_CullingMask:
    serializedVersion: 2
    m_Bits: 4294967295
  m_Lightmapping: 4
  m_BounceIntensity: 1
  m_ShadowRadius: 0
  m_ShadowAngle: 0
  m_AreaSize: {x: 1, y: 1}
--- !u!4 &1278457788
Transform:
  m_ObjectHideFlags: 0
  m_PrefabParentObject: {fileID: 0}
  m_PrefabInternal: {fileID: 0}
  m_GameObject: {fileID: 1278457786}
  m_LocalRotation: {x: .408217937, y: -.234569728, z: .109381676, w: .875426054}
  m_LocalPosition: {x: 0, y: 3, z: 0}
  m_LocalScale: {x: 1, y: 1, z: 1}
  m_Children: []
  m_Father: {fileID: 0}
  m_RootOrder: 2
--- !u!1001 &1296543020
Prefab:
  m_ObjectHideFlags: 0
  serializedVersion: 2
  m_Modification:
    m_TransformParent: {fileID: 0}
    m_Modifications:
    - target: {fileID: 400000, guid: 86430a30b5ea040ac93a6ef09bf7bd62, type: 3}
      propertyPath: m_LocalPosition.x
      value: .0286999997
      objectReference: {fileID: 0}
    - target: {fileID: 400000, guid: 86430a30b5ea040ac93a6ef09bf7bd62, type: 3}
      propertyPath: m_LocalPosition.y
      value: 0
      objectReference: {fileID: 0}
    - target: {fileID: 400000, guid: 86430a30b5ea040ac93a6ef09bf7bd62, type: 3}
      propertyPath: m_LocalPosition.z
      value: -.000300000014
      objectReference: {fileID: 0}
    - target: {fileID: 400000, guid: 86430a30b5ea040ac93a6ef09bf7bd62, type: 3}
      propertyPath: m_LocalRotation.x
      value: 0
      objectReference: {fileID: 0}
    - target: {fileID: 400000, guid: 86430a30b5ea040ac93a6ef09bf7bd62, type: 3}
      propertyPath: m_LocalRotation.y
      value: 0
      objectReference: {fileID: 0}
    - target: {fileID: 400000, guid: 86430a30b5ea040ac93a6ef09bf7bd62, type: 3}
      propertyPath: m_LocalRotation.z
      value: 0
      objectReference: {fileID: 0}
    - target: {fileID: 400000, guid: 86430a30b5ea040ac93a6ef09bf7bd62, type: 3}
      propertyPath: m_LocalRotation.w
      value: 1
      objectReference: {fileID: 0}
    - target: {fileID: 400000, guid: 86430a30b5ea040ac93a6ef09bf7bd62, type: 3}
      propertyPath: m_RootOrder
      value: 3
      objectReference: {fileID: 0}
    m_RemovedComponents: []
  m_ParentPrefab: {fileID: 100100000, guid: 86430a30b5ea040ac93a6ef09bf7bd62, type: 3}
  m_RootGameObject: {fileID: 61357236}
  m_IsPrefabParent: 0
--- !u!1 &1506290754
GameObject:
  m_ObjectHideFlags: 0
  m_PrefabParentObject: {fileID: 100000, guid: 2e85bf08d3a3a4889b8c3600111f1548, type: 3}
  m_PrefabInternal: {fileID: 810731610}
  serializedVersion: 4
  m_Component:
  - 4: {fileID: 1506290758}
  - 33: {fileID: 1506290757}
  - 23: {fileID: 1506290756}
  - 114: {fileID: 1506290755}
  m_Layer: 0
  m_Name: testMayaMesh2
  m_TagString: Untagged
  m_Icon: {fileID: 0}
  m_NavMeshLayer: 0
  m_StaticEditorFlags: 0
  m_IsActive: 1
--- !u!114 &1506290755
MonoBehaviour:
  m_ObjectHideFlags: 0
  m_PrefabParentObject: {fileID: 0}
  m_PrefabInternal: {fileID: 0}
  m_GameObject: {fileID: 1506290754}
  m_Enabled: 1
  m_EditorHideFlags: 0
  m_Script: {fileID: 11500000, guid: d348249335d4140689d0602215a4c4f6, type: 3}
  m_Name: 
  m_EditorClassIdentifier: 
--- !u!23 &1506290756
MeshRenderer:
  m_ObjectHideFlags: 0
  m_PrefabParentObject: {fileID: 2300000, guid: 2e85bf08d3a3a4889b8c3600111f1548,
    type: 3}
  m_PrefabInternal: {fileID: 810731610}
  m_GameObject: {fileID: 1506290754}
  m_Enabled: 1
  m_CastShadows: 1
  m_ReceiveShadows: 1
  m_Materials:
  - {fileID: 2100000, guid: 575db3c2a5a994ae0bd1a2c89c07186e, type: 2}
  m_SubsetIndices: 
  m_StaticBatchRoot: {fileID: 0}
  m_UseLightProbes: 1
  m_ReflectionProbeUsage: 1
  m_ProbeAnchor: {fileID: 0}
  m_ScaleInLightmap: 1
  m_PreserveUVs: 0
  m_ImportantGI: 0
  m_AutoUVMaxDistance: .5
  m_AutoUVMaxAngle: 89
  m_LightmapParameters: {fileID: 0}
  m_SortingLayerID: 0
  m_SortingOrder: 0
--- !u!33 &1506290757
MeshFilter:
  m_ObjectHideFlags: 0
  m_PrefabParentObject: {fileID: 3300000, guid: 2e85bf08d3a3a4889b8c3600111f1548,
    type: 3}
  m_PrefabInternal: {fileID: 810731610}
  m_GameObject: {fileID: 1506290754}
  m_Mesh: {fileID: 4300000, guid: 2e85bf08d3a3a4889b8c3600111f1548, type: 3}
--- !u!4 &1506290758
Transform:
  m_ObjectHideFlags: 0
  m_PrefabParentObject: {fileID: 400000, guid: 2e85bf08d3a3a4889b8c3600111f1548, type: 3}
  m_PrefabInternal: {fileID: 810731610}
  m_GameObject: {fileID: 1506290754}
  m_LocalRotation: {x: 0, y: 0, z: 0, w: 1}
  m_LocalPosition: {x: .000490448147, y: 0, z: -5.42071684e-05}
  m_LocalScale: {x: 1, y: 1, z: 1}
  m_Children: []
  m_Father: {fileID: 0}
  m_RootOrder: 3
